3168 4758
556 511 857 573 -69--

221 694 283 759 tur,
301 680 346 757 sie
362 681 469 745 minor
484 691 647 744 oratomm
668 681 772 744 honor
793 681 1019 762 obscuriorque
1035 682 1203 765 gloriaest

173 813 205 854 rs
219 789 305 851 inter
326 790 429 852 bonos
451 809 558 851 mores
579 799 611 850 et
633 788 668 850 in
691 787 882 873 obsequium
897 788 1039 871 regentis
1062 800 1199 871 paratos.
1265 788 1273 796 ⁵

223 897 300 977 quid
321 896 409 959 enim
432 916 513 978 opus
537 906 588 957 est
609 894 717 977 longis
736 895 772 956 in
787 905 904 958 senatu
925 896 1106 970 sententiis,
1130 917 1203 958 curn
1258 980 1261 985 ἢ

221 1002 335 1086 optimi
357 1003 422 1065 cito
443 998 670 1064 consentiant?
699 1001 779 1082 quid
800 1001 913 1067 multis
930 1003 1017 1084 apud
1044 1002 1203 1085 populum

219 1109 437 1184 contionibus,
463 1094 538 1170 euin
560 1109 600 1169 de
615 1128 650 1169 re
672 1107 804 1189 publiea
819 1129 886 1170 non
901 1109 1044 1191 imperiti
1060 1119 1093 1171 et
1107 1109 1203 1172 multi

174 1213 177 1218 ’
219 1217 402 1280 deliberent
422 1215 480 1278 sed
501 1213 758 1297 sapientissimus
781 1224 814 1276 et
841 1214 946 1278 unus?
976 1217 1054 1297 quid
1086 1217 1201 1280 uolun·

173 1334 204 1377 2⁰
220 1322 308 1385 tariis
324 1321 595 1396 accusationibus,
619 1341 693 1383 oum
709 1330 775 1383 tam
797 1343 866 1385 raro
883 1333 915 1385 et
932 1334 997 1386 tam
1018 1345 1112 1405 parce
1128 1345 1202 1406 pec·
1298 1353 1301 1356 >
1379 1366 1383 1373 -

221 1427 328 1492 cetur?
350 1430 428 1510 quid
444 1428 617 1492 inuidiosis
633 1439 665 1490 et
687 1428 919 1491 excedentibus
942 1431 1075 1493 modum
1092 1431 1201 1493 defen·
1225 1435 1228 1441 '

180 1608 182 1613 Α
219 1536 376 1610 sionibus,
400 1557 473 1598 oum
497 1535 672 1616 clementia
686 1536 911 1618 cognoscentis
927 1536 1058 1598 obuiam
1074 1538 1202 1619 pericli·

221 1641 362 1704 rantibus
390 1641 460 1704 eati
491 1643 624 1719 credite,
654 1642 768 1725 optimi
793 1655 827 1706 et
852 1643 887 1705 in
913 1655 1071 1724 qnantum
1097 1654 1204 1726 potest
1256 1655 1260 1663 '

219 1747 420 1812 disertissimi
442 1750 516 1825 uiri,
541 1750 569 1812 si
590 1759 645 1811 aut
664 1768 723 1812 uos
745 1748 906 1832 prioribus
922 1749 1061 1813 saeculis
1078 1752 1202 1814 antisti

176 1871 204 1914 25
221 1877 299 1938 quos
322 1858 475 1920 miramur
496 1856 547 1919 his
570 1856 638 1919 nati
655 1866 761 1920 essent
776 1878 813 1919 ac
828 1857 907 1919 deus
923 1857 1040 1939 aliquis
1063 1858 1147 1921 uitas
1163 1879 1200 1920 ac

217 1974 361 2045 tempora
387 1973 494 2026 uestra
518 1975 651 2046 repente
676 1972 843 2039 mutasset,
872 1984 932 2026 nec
954 1964 1049 2027 uobis
1074 1986 1202 2029 summa

107 2140 112 2150 ί
218 2069 274 2132 illa
296 2071 365 2133 laus
389 2083 421 2133 et
443 2071 547 2154 gloria
570 2071 603 2133 in
628 2069 814 2152 eloquentia
835 2091 941 2152 neque
956 2070 1021 2134 illis
1038 2073 1152 2135 modus
1169 2084 1201 2135 et

217 2186 505 2259 temperamentum
518 2177 684 2240 defuisset.
705 2198 805 2252 nunc,
817 2179 970 2258 quoniam
982 2200 1078 2241 nemo
1087 2180 1202 2242 eodem

218 2295 359 2366 tempore
382 2285 506 2365 assequi
528 2295 634 2366 potest
660 2305 812 2367 magnam
839 2283 959 2346 famam
986 2295 1018 2346 et
1045 2307 1199 2369 magnam

174 2403 201 2445 3⁰
216 2391 367 2472 quietem,
385 2391 471 2452 bono
487 2390 607 2453 saeculi
622 2391 673 2453 sui
689 2392 824 2474 quisque
840 2392 920 2453 citra
931 2392 1199 2462 obtrectationem

103 2486 104 2490 ¹
216 2497 345 2559 alterius
361 2488 492 2559 utatur.’
556 2555 558 2558 Α
1162 2508 1170 2512 ’

278 2602 406 2665 finierat
435 2604 611 2681 Maternus,
641 2625 716 2666 cum
747 2604 916 2668 Messalla:
945 2598 1050 2668 ‘erant
1083 2607 1250 2689 quibus42

216 2710 481 2787 contradicerem,
499 2721 590 2773 erant
606 2712 646 2773 de
662 2711 779 2793 quibus
794 2712 889 2794 plura
904 2712 969 2775 dici
986 2712 1118 2789 uellem,
1137 2713 1201 2776 nisi

216 2954 247 3003 14
261 2952 348 3004 bonor
361 2951 493 3006 Oreltiaa:
507 2953 604 3007 horum
616 2954 734 3018 Bona,
746 2972 788 3007 om
799 2957 837 3007 Α.
858 2972 893 3006 an
899 2954 989 3021 suerat
1001 2955 1179 3009 nostrorum?
1195 2957 1199 3024 Ι

215 3037 357 3090 obscurior
377 3039 427 3092 OE
449 3038 453 3107 Ι
490 3042 525 3110 lt}¹
533 3040 562 3091 in
581 3050 678 3092 senatu
698 3039 788 3108 longis
806 3041 856 3104 ΠΙ
880 3044 908 3092 17
922 3039 1019 3110 optimi
1035 3040 1200 3094 Rhenanus:

215 3122 316 3190 optima
333 3124 490 3193 ΑΒΟΒΕΙ
510 3127 539 3176 18
554 3124 732 3177 concionibus
751 3126 821 3194 ΒΟΙ
837 3143 859 3178 r.
874 3143 901 3195 p.
915 3128 953 3180 B.
971 3128 976 3192 Ι
1001 3128 1030 3177 19
1050 3126 1200 3196 sapietissi·

215 3225 275 3260 mus
289 3210 319 3263 D
344 3212 349 3273 Ι
373 3209 620 3264 ldaousationibus
632 3212 663 3264 D
678 3215 682 3274 Ι
699 3212 726 3261 21
747 3210 937 3276 [orationibus]
953 3211 1159 3266 defensionibus
1173 3216 1201 3268 B

216 3293 431 3348 deffensionibus
443 3297 474 3350 D
488 3294 493 3365 Ι
509 3298 541 3347 23
555 3303 646 3364 potest
662 3295 840 3365 Nrbperdet'ua
858 3297 956 3350 Pteron
971 3297 994 3349 I
1003 3317 1033 3368 p.
1049 3301 1117 3351 670.-
1131 3315 1201 3368 opus

215 3381 403 3434 estABCDE
416 3384 420 3448 Ι
436 3383 468 3433 24
481 3381 572 3449 uriC'l
587 3380 706 3448 istium
720 3381 723 3449 Ι
739 3384 771 3433 25
782 3385 952 3436 mirantnrD
964 3383 969 3451 Ι
984 3383 1083 3453 aliquis
1092 3403 1160 3438 corr.
1170 3404 1202 3438 ea

215 3466 318 3536 aliquid
338 3469 368 3521 D
404 3467 476 3520 uitas
489 3471 557 3541 etE
570 3469 574 3536 Ι
591 3470 623 3520 26
636 3475 759 3536 tempora
771 3474 864 3520 uestra
877 3468 1013 3521 Haustus:
1030 3478 1122 3524 nestra
1134 3482 1201 3524 tem·

214 3569 281 3622 pora
292 3555 349 3607 AB
403 3556 437 3607 E.
455 3553 527 3605 uitas
542 3560 648 3606 uestras
661 3568 691 3605 ac
703 3562 827 3622 tempora
834 3553 974 3606 Bekkerus
995 3554 999 3624 Ι
1020 3557 1051 3608 28
1060 3561 1124 3625 post
1134 3566 1201 3610 tem·

216 3648 402 3707 oeramentum
410 3638 550 3693 *lacialius
559 3640 681 3693 eccidisse
689 3639 797 3708 erasnm
806 3638 1002 3693 certaminibus
1018 3644 1024 3707 Ι
1040 3643 1067 3693 31
1080 3641 1205 3697 ulatur&

285 3725 411 3778 linierat
423 3729 450 3779 Α
467 3725 539 3785 (Fa'n
557 3743 642 3795 mmo.
657 3725 741 3778 rrrr'm'o
755 3724 877 3794 picturus
890 3725 952 3779 'erat
969 3724 1103 3793 librarius)
1123 3736 1127 3796 Ι
1143 3736 1201 3780 tum

212 3828 231 3878 p
247 3817 250 3874 Ι
266 3809 387 3862 Messala
399 3812 480 3865 BOE
493 3816 497 3875 Ι
514 3814 528 3863 2
542 3811 630 3864 uelem
644 3814 674 3865 D
