3168 4758
537 521 608 579 A
715 524 1073 586 -30—-'

376 706 415 759 ut
441 695 609 779 imperitus
640 707 675 760 et
701 694 790 758 rudis
826 691 1143 777 impeditissimarum
1173 693 1355 756 orationum
1381 670 1386 675 ¹

374 803 493 886 spatia,
518 812 616 885 atque
637 800 673 865 id
693 800 800 884 ipsum
815 801 968 864 laudabat
984 800 1012 863 si
1027 799 1165 864 dicendo
1181 799 1253 882 quis
1268 799 1355 862 diem

353 924 356 934 ·
378 910 541 975 eximeret.
575 907 639 972 iam
654 930 731 972 uero
746 908 846 992 longa
861 908 1094 992 principiorum
1107 905 1309 991 praeparatio
1323 917 1356 968 et

335 1099 336 1103 Ἰ
378 1015 570 1082 narrationis
586 1016 650 1093 alte
666 1015 801 1099 repetita
814 1017 913 1080 series
924 1028 957 1078 et
970 1015 1145 1079 multarum
1159 1008 1357 1078 diuisionuin

378 1123 553 1188 ostentatio
568 1134 603 1187 at
615 1123 706 1189 mille
721 1134 995 1207 argumentorum
1005 1123 1123 1206 gradus
1139 1108 1178 1186 'et
1200 1120 1356 1205 quidquid
1372 1108 1400 1179 rs
1471 1141 1479 1153 ·

315 1243 317 1248 '
377 1230 466 1299 aliud
503 1229 691 1304 aridissimis
721 1232 943 1313 Hermagorae
980 1240 1015 1294 et
1041 1228 1233 1314 Apollodori
1266 1227 1356 1292 libris

375 1336 575 1422 praecipitur
589 1337 626 1401 in
640 1336 763 1403 honore
777 1349 861 1414 erat3
888 1339 975 1423 quod
999 1336 1102 1420 siquis
1116 1337 1270 1400 odoratus
1284 1334 1355 1419 phi·

378 1444 561 1530 losophiam
582 1443 747 1511 uideretur
770 1457 868 1530 atque
887 1467 928 1511 en
948 1441 1108 1508 calorum
1131 1443 1273 1527 aliquem
1288 1463 1356 1505 ora·
1387 1450 1394 1461 '

379 1552 461 1617 tioai
476 1563 551 1617 suae
566 1553 731 1631 insereret,
748 1554 785 1617 in
799 1553 927 1618 eaelum
941 1551 1279 1639 laudibus-„ferebam
1297 1571 1357 1613 nec

263 1713 266 1719 .
379 1660 516 1737 mirum3
535 1672 625 1726 eraut
640 1661 732 1726 euim
742 1661 822 1726 haec
836 1683 924 1725 noua
939 1671 972 1724 et
987 1659 1155 1743 incognite
1169 1669 1202 1723 et
1216 1657 1358 1740 ipsorum
1373 1677 1403 1720 ro

380 1790 506 1853 qaoque
527 1780 691 1834 oratorum
718 1768 904 1854 paucissimi
924 1766 1281 1852 praecepterhetorum
1302 1776 1359 1828 aut

379 1875 650 1960 philosophorum
669 1877 791 1960 placita
810 1889 1042 1960 cognorerunt.
1080 1888 1114 1938 at
1135 1872 1266 1938 hercule
1287 1894 1357 1956 per·

380 1983 519 2067 uolgatis
541 1983 606 2047 iam
629 1984 798 2059 omuibus,
823 2005 896 2067 omn
917 1983 974 2046 uix
996 1983 1031 2046 in
1047 2004 1165 2045 corona
1187 1981 1358 2065 quisquam

382 2090 518 2156 adsistat
533 2091 612 2175 quin
629 2076 797 2155 elementis
813 2090 994 2155 studiorum
1017 2089 1078 2154 etsi
1100 2109 1167 2152 non
1180 2089 1358 2152 instructus

382 2208 521 2263 atcerte
546 2198 689 2263 imbutus
714 2198 766 2275 sit,
789 2198 884 2262 nouis
910 2209 943 2261 et
965 2196 1132 2281 exquisitis
1155 2195 1359 2279 eloquentiae
1373 2205 1403 2248 ²⁵

381 2302 554 2377 itineribus¹
570 2328 651 2390 opus
674 2317 725 2370 est
744 2304 803 2390 per
822 2327 905 2389 quoe
928 2316 1033 2368 orator
1047 2303 1217 2368 fastidiam
1231 2302 1358 2366 aurium

382 2412 525 2496 effligiat,
550 2413 663 2497 utique
685 2415 773 2498 apud
794 2435 849 2477 eos
871 2412 993 2481 iudices
1014 2412 1071 2495 qui
1087 2411 1124 2474 ui
1139 2420 1173 2474 et
1186 2420 1357 2494 potestate,

381 2541 445 2583 non
471 2518 540 2583 iure
560 2531 617 2584 aut
639 2520 765 2604 legibus
785 2529 995 2604 cognoscunt,
1020 2540 1081 2581 nec
1104 2518 1267 2602 accipiunt
1283 2527 1359 2580 tem·
1409 2512 1413 2520 ’
1450 2593 1451 2597 ¹

385 2767 413 2817 ll
428 2760 697 2836 impeditissimarum
709 2765 851 2842 Muretus.-
864 2763 1133 2836 imperitissimum
1143 2763 1253 2817 ABCD
1272 2761 1361 2815 etim·
1390 2764 1393 2772 '
1451 2796 1456 2806 ·

383 2848 609 2920 peritissimorum
632 2853 663 2907 E
686 2855 692 2918 Ι
721 2854 751 2905 12
776 2850 910 2907 laudabat
930 2852 1037 2927 ABDr
1057 2848 1135 2907 laudi
1156 2848 1360 2913 denaturare}

386 2940 416 2988 14
441 2936 629 2989 narrationum
654 2937 809 3009 Sponpelius
829 2956 858 3009 p.
882 2941 908 2990 11
941 2937 946 3007 Ι
973 2935 1044 2991 altae
1066 2935 1117 2991 01)
1143 2940 1149 3000 Ι
1177 2939 1207 2988 15
1233 2933 1362 3004 quicquid

382 3041 493 3096 BODE
505 3043 511 3105 Ι
528 3042 559 3092 16
572 3039 648 3094 aliud
659 3059 711 3096 om.
724 3043 755 3096 D
775 3047 780 3107 Ι
802 3041 974 3110 Hermagora
987 3027 1125 3094 areotimis
1137 3042 1168 3095 D
1186 3043 1194 3108 Ι
1216 3045 1244 3092 et
1256 3056 1306 3091 om.
1323 3037 1343 3091 C
1356 3044 1360 3105 Ι

382 3126 535 3197 Apolodori
547 3130 578 3182 D
591 3128 597 3197 1
614 3129 645 3180 t‘l
659 3126 854 3199 praecipipitur
869 3128 893 3182 0
907 3125 1057 3198 percipitur
1069 3129 1100 3181 D
1114 3131 1120 3193 Ι
1135 3126 1268 3180 adoratus
1282 3126 1362 3179 ACD

382 3267 412 3320 Ε
425 3264 479 3327 (aad
489 3266 568 3329 carrd
597 3266 603 3331 Ι
626 3261 837 3334 phylosophiam
852 3262 902 3319 OE
926 3259 932 3330 Ι
960 3262 991 3315 18
1004 3242 1200 3317 uideieturB:
1215 3223 1364 3315 uidiiurE

383 3350 495 3407 uidetur
506 3351 588 3407 ΑΘΒ
611 3349 615 3420 Ι
636 3348 767 3403 orationis
778 3351 809 3405 D
829 3349 834 3416 Ι
857 3351 887 3403 19
901 3346 1023 3403 inserere
1033 3348 1061 3400 B
1076 3349 1081 3411 Ι
1101 3347 1210 3401 coelum
1222 3350 1250 3401 Β
1265 3346 1270 3415 Ι
1292 3346 1361 3400 fere·

382 3438 485 3495 bantur
495 3439 554 3495 ΑΕ
566 3439 572 3501 Ι
594 3439 626 3489 20
639 3443 718 3491 eraut
729 3438 773 3491 B:
787 3441 846 3490 eret
857 3435 939 3489 Aah
954 3433 1058 3498 crathi]
1072 3435 1103 3487 D
1124 3433 1128 3502 Ι
1151 3435 1182 3486 21
1197 3431 1361 3504 pauaissima

383 3526 414 3579 D
428 3525 433 3594 Ι
448 3524 591 3579 rethorum
607 3525 640 3579 D
653 3523 658 3593 Ι
673 3525 706 3577 22
724 3521 962 3594 phylosophorum
974 3522 1006 3574 Ε
1024 3519 1029 3583 Ι
1044 3519 1215 3589 peruulgatis
1233 3521 1359 3583 ΑΒΟΕΙ

385 3614 416 3664 23
431 3628 514 3681 quom
529 3610 568 3672 Ol
584 3620 685 3662 corona
700 3608 828 3662 Vrsinus:
842 3607 946 3660 cortina
957 3606 1096 3660 ABODE
1109 3611 1114 3671 Ι
1129 3610 1161 3657 21
1175 3606 1345 3661 assistatBO
1356 3608 1374 3676 Ι’

385 3697 451 3767 quin
470 3695 611 3749 Muretus:
637 3694 684 3765 qui
701 3682 840 3750 ABODE
860 3694 865 3764 Ι
887 3693 910 3745 si
932 3690 1072 3744 Acidaliae
1094 3691 1099 3761 Ι
1126 3696 1158 3744 25
1178 3701 1206 3745 et
1224 3700 1296 3746 certe
1317 3694 1340 3746 0
1356 3695 1360 3762 Ι

386 3832 418 3882 26
434 3785 603 3900 ΙὲἑΙῃειὶὒιιο
615 3832 644 3883 Β
668 3834 672 3897 Ι
694 3825 726 3882 2'7
739 3827 769 3881 ui
782 3845 833 3881 om.
846 3831 884 3891 A,
899 3842 1102 3898 saproueream
1114 3800 1172 3881 add.
1187 3830 1215 3881 B
1235 3826 1240 3897 Ι
1257 3830 1289 3880 ’18
1303 3830 1360 3893 ant]
