3168 4758
568 488 928 590 ....57„.„'

225 701 298 776 bus,
313 709 350 762 ut
371 718 433 762 nee
454 701 537 762 mole
556 720 611 762 eae
632 699 716 761 bene
737 696 824 760 diota
839 696 1092 761 dissimularent.
1125 697 1212 759 scitis

220 808 312 889 ¹enim
335 827 489 890 magnam
509 806 600 869 illam
622 815 656 867 et
669 804 857 867 duraturam
867 804 1076 889 eloquentiae
1092 803 1212 867 famam

225 936 293 977 non
308 914 417 978 minus
431 914 467 975 in
482 912 618 976 diuersis
631 909 797 974 subselliis
813 911 918 993 parari
933 928 1030 993 quam
1040 910 1120 987 suis,
1134 910 1212 973 inde

225 1020 305 1102 quin
320 1019 420 1083 immo
431 1019 632 1083 constantius
643 1038 787 1101 surgere,
802 1017 848 1080 ibi
859 1017 988 1081 fidelius
1000 1018 1208 1081 corroborari.
1286 1071 1292 1078 .

183 1148 213 1189 ao
229 1139 325 1209 atque
353 1127 485 1190 beroule
512 1127 574 1189 sub
596 1127 666 1189 eius
687 1125 778 1189 modi
797 1124 1211 1207 praeceptoribus‘iuueuis

226 1233 283 1311 ille
298 1234 339 1297 de
354 1254 419 1316 quo
431 1232 596 1316 loquimur
609 1269 653 1279 -
668 1239 832 1296 oratorum
843 1230 1033 1314 discipulus,
1047 1232 1109 1296 fori
1120 1232 1210 1296 audi·

225 1354 285 1416 tor,
299 1351 439 1405 sectator
451 1340 646 1403 iudiciorum
660 1376 704 1387 ——
719 1339 863 1403 eruditus
879 1348 912 1401 et
926 1339 1123 1403 assuefactus
1134 1339 1210 1402 alie·

225 1447 276 1510 nis
300 1448 549 1530 experimentis,
574 1448 627 1511 cui
647 1446 793 1529 quotidie
820 1444 968 1508 audienti
989 1457 1086 1510 uotae
1106 1447 1208 1529 leges,

225 1574 294 1616 non
315 1555 395 1617 noui
418 1553 563 1617 iudicum
583 1553 708 1630 uultus,
722 1552 876 1634 frequens
895 1553 931 1616 in
952 1554 1055 1616 oeulis
1075 1556 1210 1616 consue·

181 1685 210 1727 as
225 1662 303 1723 tudo
322 1660 523 1734 contionum,
541 1680 637 1743 saepe
659 1658 809 1742 cognitae
823 1659 936 1743 populi
950 1678 1056 1736 aures,
1074 1660 1143 1723 siue
1158 1681 1210 1722 ac·

223 1768 426 1831 cusationem
447 1779 634 1849 susceperat
654 1767 725 1829 siue
746 1763 980 1853 defensionem,
998 1767 1084 1830 solus
1100 1752 1210 1829 statim

224 1884 257 1935 et
285 1895 369 1936 unus
400 1872 590 1955 cuicumque
620 1884 736 1938 caueae
758 1893 816 1956 par
846 1884 925 1936 erat.
967 1892 1033 1937 uno
1063 1887 1095 1936 et
1123 1872 1210 1937 uice·

225 1980 307 2043 simo
329 1981 444 2067 aetatis
468 1998 554 2043 amm
570 1980 609 2042 L.
630 1978 765 2044 Crassus
781 1981 818 2042 Ο.
838 1978 1035 2057 Carbonem,
1060 1981 1154 2044 tertio
1178 1992 1210 2044 et

224 2086 382 2150 uicesimo
404 2087 525 2150 Caesar
543 2087 763 2162 Dolabellam,
789 2086 890 2150 altero
909 2099 942 2149 et
961 2087 1116 2152 uicesimo
1137 2088 1210 2151 Asi·

181 2210 212 2252 ro
226 2195 301 2256 nius
316 2192 422 2257 Pollio
445 2193 482 2256 C.
502 2195 672 2269 Catonem,
694 2213 765 2256 non
786 2194 928 2257 multum
951 2205 1059 2262 aetate
1081 2181 1210 2258 antece·

225 2301 304 2364 dens
330 2299 452 2363 Caluus
475 2299 646 2365 Vatinium
667 2300 708 2363 iis
733 2301 934 2364 orationibus
957 2301 1097 2365 insecuti
1118 2312 1206 2378 sunt,

232 2428 311 2490 quas
328 2406 426 2469 hodie
440 2426 570 2488 quoque
583 2427 660 2497 'eum
679 2406 892 2472 admi-ratione
907 2407 1056 2489 legimus.
1082 2419 1117 2471 at
1131 2411 1262 2473 nunc35

227 2512 462 2576 adolescentuli
489 2513 593 2576 nostri
623 2514 826 2577 deducuntm
856 2513 891 2576 in
918 2513 1018 2592 †seui
1040 2514 1209 2579 scholasti·

224 2820 258 2872 26
270 2836 320 2872 nec
339 2817 411 2872 male
424 2837 479 2884 nec,
487 2819 556 2873 bene
570 2820 713 2890 Aqmbole:
726 2837 776 2875 nee
788 2821 859 2875 bene
871 2822 986 2877 ABDE
992 2838 1043 2876 neo
1054 2820 1175 2876 breuiter
1191 2824 1214 2878 0

225 2921 276 2958 nec
294 2904 364 2958 bene
384 2921 434 2958 neo
448 2905 519 2959 male
537 2905 663 2962 Pelorus
678 2906 684 2975 Ι
705 2904 947 2960 dissimularentur
964 2910 993 2962 B
1012 2906 1018 2976 Ι
1038 2911 1070 2960 28
1084 2906 1210 2961 subseliis

224 3026 255 3080 D
269 3024 274 3094 Ι
290 3026 323 3078 39
335 3024 391 3079 imo
408 3024 511 3095 BDEl
527 3027 558 3081 31
573 3000 662 3080 oretbv
662 3028 693 3081 D
705 3030 711 3091 Ι
727 3034 867 3079 oratorum
880 3056 913 3067 -
926 3029 959 3080 33
972 3025 1133 3080 iudiciorum
1146 3034 1211 3097 poet

225 3112 258 3162 33
271 3109 467 3185 experimentis
487 3111 614 3165 collocari
630 3112 700 3165 iubet
721 3111 862 3164 Glareanus
879 3111 935 3165 an
946 3112 968 3165 Ι
981 3130 1010 3182 ρ.
1028 3117 1058 3165 10
1073 3115 1079 3179 Ι
1094 3117 1126 3166 33
1141 3112 1209 3165 coti·

224 3194 270 3248 die
285 3196 309 3251 0
319 3196 324 3267 Ι
340 3198 373 3249 34
386 3195 478 3250 iuditii
495 3195 571 3250 ultus
588 3199 619 3251 D
634 3200 639 3266 Ι
654 3197 826 3261 consuetudo
837 3199 868 3252 D
889 3199 894 3266 Ι
915 3200 948 3250 35
960 3198 1126 3253 concionum
1138 3200 1194 3254 Bo
1203 3201 1208 3264 Ι

225 3280 299 3352 siue]
320 3298 371 3347 sue
382 3284 413 3337 D
428 3281 434 3351 Ι
448 3282 636 3354 tentationem
647 3284 678 3337 D
691 3284 696 3346 Ι
713 3285 748 3335 36
764 3282 960 3337 deffensionem
972 3285 1003 3337 D
1024 3284 1029 3353 Ι
1049 3287 1080 3336 37
1100 3283 1210 3338 cuicun-

226 3383 279 3435 que
303 3367 354 3422 OD
369 3369 373 3435 Ι
389 3385 446 3421 uno
464 3375 493 3421 et
512 3366 642 3422 uicesimo
662 3369 902 3439 deportatum.
917 3373 985 3421 577.-
1010 3385 1083 3422 nono
1103 3367 1209 3423 decimo

224 3453 378 3519 ABODEl
394 3457 428 3507 38,
440 3453 522 3507 tertio
534 3453 668 3508 Pt'ebena:
681 3470 736 3507 uno
748 3456 902 3523 ABCDEl
918 3457 951 3509 39
964 3455 1099 3524 uigesimo
1112 3457 1162 3510 OE
1169 3453 1209 3508 ui·

224 3536 338 3590 cessimo
355 3540 387 3597 D
402 3537 407 3609 Ι
428 3538 604 3594 Dolabellam
622 3544 678 3595 AB
692 3544 698 3607 Ι
721 3540 855 3611 uigesimo
878 3543 927 3596 OE
937 3544 942 3608 Ι
957 3544 988 3594 41
1005 3539 1035 3593 Is
1052 3541 1083 3595 D
1100 3540 1145 3594 his
1157 3542 1188 3594 E
1204 3541 1208 3608 Ι

225 3628 257 3676 42
270 3621 410 3693 hodieque
426 3626 505 3679 ODE

294 3747 309 3796 2
323 3742 382 3797 seni
397 3749 423 3798 A
439 3745 497 3797 sein
512 3747 564 3800 ΟΕ
573 3762 632 3798 sem
640 3747 671 3800 D
680 3762 761 3799 scena
773 3746 923 3800 VerenaB
934 3743 991 3810 (sed
1003 3751 1070 3800 ceni
1082 3746 1098 3799 l
1110 3744 1139 3799 in
1153 3745 1204 3810 lit.)

224 3845 319 3882 scenas
332 3828 480 3884 Rhenanus
493 3830 602 3883 scholas
615 3830 723 3901 labaim
738 3835 744 3896 Ι
758 3819 968 3885 scolastiedrum
980 3831 1012 3885 D
