3168 4758
563 522 863 593 ...45—

177 710 206 751 ss
222 701 255 754 et
274 711 394 752 nomen
417 689 557 753 inserere
580 700 717 773 possunt
737 689 854 750 famae.
893 708 954 772 ego
975 709 1052 751 uero
1074 708 1205 751 omnem
1270 731 1273 736 -

222 796 441 880 eloquentiam
461 817 637 878 omnesque
658 795 726 858 eius
746 807 854 878 partes
870 815 976 858 sacras
991 805 1024 858 et
1037 794 1205 857 uenenabi·

222 905 270 968 les
290 914 389 987 puto,
411 924 473 966 nec
493 903 601 993 solinu
623 891 817 965 cothurnum
839 914 983 966 uestrum
1005 911 1061 964 aut
1084 899 1205 963 hesoici

223 1011 374 1074 carminis
394 1031 528 1086 sonum,
553 1009 609 1072 sed
628 1008 800 1091 lyricorum
821 1029 949 1091 quoqne
970 1007 1205 1071 iucunditatem

224 1117 445 1200 etelegorum
473 1115 625 1181 lasciuiae
650 1126 683 1178 et
704 1115 886 1178 iamborum
907 1114 1157 1178 amaritudinem
1177 1121 1207 1176 et

180 1246 208 1289 ao
223 1218 491 1306 epigrainmu‘tum
518 1223 607 1286 lusus
630 1232 663 1284 et
685 1240 921 1304 quamcumque
942 1221 1040 1284 uliam
1064 1220 1206 1304 speciem

146 1328 150 1334 ’
223 1331 409 1413 eloquentia
434 1329 552 1392 habeat
574 1330 836 1412 anteponendam
859 1328 977 1390 ceteris
998 1327 1137 1391 aliorum
1157 1348 1204 1389 ar*

224 1438 307 1501 tium
321 1436 437 1501 studiis
450 1436 559 1498 oiedo.
592 1436 649 1497 sed
666 1446 773 1499 tecum
786 1435 882 1512 mihi,
899 1433 1062 1510 Materne,
1076 1455 1128 1498 res
1144 1445 1210 1526 ‚ests

223 1545 323 1626 quod,
338 1564 415 1605 eum
435 1552 551 1607 natura
572 1553 626 1606 tua
647 1543 681 1605 iu
697 1543 804 1626 ipsam
819 1563 924 1605 arcem
941 1539 1146 1626 eloquentiae
1161 1539 1204 1601 fe·

173 1637 186 1670 ²
224 1660 289 1726 rat,
315 1670 422 1713 errore·
442 1649 547 1712 mauis
574 1660 606 1713 et
631 1671 755 1712 summa
776 1651 951 1732 adepturus
970 1646 1206 1738 ¹in'leuioribus
1297 1668 1301 1672 ·

179 1771 207 1814 25
224 1756 381 1820 subsistis.
420 1767 459 1819 ut
479 1758 507 1820 si
525 1756 562 1819 in
585 1756 722 1819 Graecia
742 1767 837 1819 natus
861 1776 963 1831 esses,
989 1756 1046 1819 ubi
1067 1754 1206 1818 ludicras

224 1885 352 1946 quoque
375 1863 451 1927 artis
467 1878 618 1927 exescete
633 1862 807 1925 honestum
823 1873 882 1938 est,
901 1884 939 1925 ac
956 1861 1017 1924 tibi
1030 1856 1206 1925 Nicostrati

153 1956 156 1959 ¹
223 1971 321 2033 robur
336 1992 373 2037 uc
387 1969 471 2032 uires
488 1969 534 2032 dii
549 1968 725 2044 dedissent,
738 1990 805 2032 non
817 1960 944 2052 pat'e'res
958 1969 1115 2032 immanes
1127 1967 1206 2031 istos

224 2086 257 2139 et
277 2076 318 2139 ad
337 2097 483 2159 pugnam
503 2086 597 2139 natos
619 2077 754 2138 lacertos
778 2074 911 2138 leuitate
934 2075 1031 2153 iaculi
1050 2085 1105 2138 aut
1119 2074 1207 2138 iactu

224 2182 305 2247 disci
326 2203 509 2259 uanescere,
527 2182 573 2246 sic
589 2204 677 2244 nunc
690 2193 721 2244 te
737 2183 778 2244 ab
794 2182 959 2246 auditoriis
976 2193 1008 2245 et
1024 2181 1157 2246 theatris
1173 2180 1207 2243 in

182 2311 209 2351 so
223 2289 329 2352 forum
349 2290 439 2375 ³th
453 2309 567 2383 causas
582 2300 614 2352 et
629 2272 764 2373 atssuera
778 2288 902 2370 proclia
918 2310 1010 2365 uoco,
1028 2310 1102 2351 cum
1117 2308 1209 2371 prae·

179 2420 194 2435 ²
224 2397 335 2459 sertim
357 2417 399 2458 ne
420 2396 461 2457 ad
480 2381 565 2458 illud
574 2395 713 2479 ,quidem
727 2395 903 2478 confugere
919 2396 1022 2477 possis
1037 2396 1124 2477 quod
1139 2394 1207 2477 ple·

224 2504 331 2585 sisque
353 2474 768 2614 pauocinatudgjtanff'qfuam
786 2502 895 2565 minus
911 2501 1088 2565 obnoxium
1105 2501 1146 2564 sit
1162 2502 1206 2563 of·

224 2610 336 2673 fonsae
359 2620 530 2692 poetarum
549 2592 648 2691 quam
664 2619 826 2686 oratorum
842 2608 995 2672 studium.
1030 2608 1210 2694 efferuescit

226 2716 314 2779 enim
336 2716 387 2779 uis
410 2716 647 2803 pulcherrimae
670 2728 806 2780 naturae
830 2726 915 2791 tuac,
943 2735 1003 2778 nec
1025 2736 1083 2798 pro
1104 2715 1208 2778 amico

228 2963 259 3012 Π
274 2966 420 3012 coturnum
436 2958 577 3014 ABODE
587 2964 592 3026 Ι
616 2961 646 3011 18
659 2959 750 3012 solum
768 2959 798 3011 D
814 2960 818 3028 Ι
834 2958 970 3012 lirieornm
989 2959 1020 3012 D
1035 2960 1039 3027 Ι
1057 2961 1087 3012 19
1108 2958 1209 3028 elegio·

227 3061 287 3097 rum
307 3045 363 3101 AB
377 3047 382 3112 Ι
398 3052 427 3097 et
442 3043 494 3098 ists.
515 3044 655 3098 Acidaliae
676 3045 680 3114 Ι
702 3047 734 3099 20
754 3045 953 3115 epigramatum
971 3047 1001 3099 D
1017 3060 1208 3117 epygramma-

226 3136 288 3183 tum
299 3131 344 3200 ΕΙ
360 3128 615 3201 quamcunqueAC‘
622 3131 853 3201 quancunqueE}
870 3134 899 3183 21
913 3124 1126 3200 eloquentiaeD
1141 3134 1145 3201 Ι
1161 3130 1209 3183 ha·

222 3215 275 3268 -bet
294 3215 471 3270 chmuuuus
485 3217 491 3283 Ι
506 3216 606 3270 studiis
625 3217 725 3270 artium
742 3217 772 3269 D
787 3222 791 3282 Ι
813 3219 845 3269 22
858 3217 926 3270 mihi
946 3225 1036 3272 tecum
1053 3217 1099 3285 ΕΙ
1119 3224 1209 3270 tecum

226 3302 339 3355 minime
352 3319 396 3356 res
409 3320 439 3356 es
451 3302 481 3354 D
495 3303 499 3370 Ι
516 3305 548 3355 23
561 3309 650 3356 tetus
661 3303 791 3355 Halmius
806 3303 913 3371 l'arcem
926 3306 966 3357 E:
981 3312 1068 3359 artem
1079 3308 1190 3361 ABCD
1205 3309 1208 3378 Ι

228 3397 255 3441 te
273 3387 345 3441 ferat
361 3389 501 3442 Aciduts'us
514 3389 519 3456 Ι
535 3391 567 3440 24
581 3387 669 3441 maius
685 3387 725 3456 ΟΙ
741 3405 818 3442 suma
830 3390 857 3441 B
872 3389 876 3458 Ι
893 3389 1042 3458 adepturus
1058 3393 1210 3447 Acs'dolius:

228 3474 343 3544 adeptus
360 3473 501 3531 ABODE
511 3476 515 3542 Ι
537 3477 569 3526 25
584 3473 697 3528 Grastia
714 3475 744 3527 D
759 3475 763 3544 Ι
780 3478 812 3526 26
830 3483 904 3528 artes
923 3477 988 3541 ΟΕΙ
1003 3479 1036 3530 27
1057 3478 1118 3532 illos
1141 3480 1194 3532 GE
1204 3482 1208 3548 Ι

228 3562 261 3612 29
274 3558 409 3612 auditoris
422 3559 452 3611 D
466 3560 470 3629 Ι
486 3565 519 3614 34)
537 3561 624 3614 uerba
636 3562 667 3615 D
681 3566 686 3625 Ι
702 3560 786 3630 prelia
797 3564 853 3615 ΑΕ
866 3563 969 3632 praelia
980 3565 1061 3618 BOD
1076 3566 1081 3634 Ι
1096 3567 1126 3617 31
1142 3565 1211 3620 illud

229 3645 303 3714 quod
322 3662 488 3715 consurgere
499 3648 530 3700 D
544 3649 548 3714 Ι
564 3650 596 3701 32
610 3646 731 3700 offensae
748 3647 904 3701 Acidaliae:
922 3647 1215 3706 offendere'ABODE
1295 3708 1300 3717 ,

229 3730 339 3784 offensis
358 3731 485 3785 Pithoeus
499 3733 504 3802 Ι
519 3735 551 3784 33
572 3733 731 3787 efferuescet
746 3733 871 3802 ΑΟΠΕΙ
887 3735 920 3785 34
939 3733 981 3788 ius
1003 3735 1042 3804 ΟΙ
1057 3744 1121 3789 tuae
1140 3755 1208 3790 corr.
1259 3756 1269 3776 ⁸

228 3834 261 3870 eo
279 3834 344 3869 suae
357 3820 385 3872 B
942 3816 946 3822 ’
