3168 4758
720 487 1020 550 -23-

383 654 512 739 inpoliti
539 668 571 720 et
599 658 694 722 rudes
721 669 755 720 et
780 655 934 721 informes
956 668 989 719 et
1018 677 1098 738 quos
1121 656 1248 721 utinam
1270 656 1363 720 nulla

97 766 112 801 '·
247 760 270 805 θ
383 775 474 847 parte
499 763 648 828 imitatus.
668 775 753 828 esset
780 764 902 828 Caluus
927 775 1037 831 uester
1062 778 1119 827 ant
1145 761 1276 827 Caelius
1303 775 1362 827 aut

323 876 324 879 ’
382 870 453 954 ipse
464 871 586 935 Cicero.
612 892 710 956 agere
724 871 813 936 enim
828 870 1022 938 fortius.iam
1038 883 1071 934 ot
1086 870 1258 934 audentius
1273 870 1359 946 nolo,

383 978 412 1041 si
432 976 521 1061 istud
544 978 831 1062 ante'praedixero
850 978 969 1042 mutari
990 998 1067 1085 epam
1088 976 1286 1062 temporibus
1301 978 1376 1041 for-r

95 1086 102 1095 ¹
128 1086 131 1099 ¹
166 1110 180 1123 ψ
221 1088 354 1131 ›r‘osrron
384 1106 452 1151 mag
468 1106 596 1169 quoque
618 1098 650 1150 et
667 1107 788 1170 genera
803 1086 944 1150 dicendi.
962 1028 1030 1150 illc
1046 1084 1165 1155 Catoni
1183 1086 1255 1149 Simi
1277 1107 1361 1150 00m·
1377 1108 1406 1150 ¹⁰

383 1203 518 1275 paratus
535 1193 572 1257 C.
593 1191 762 1259 Gracchus
783 1193 912 1278 plenior
934 1190 967 1258 et
981 1193 1121 1270 uberior,
1145 1193 1191 1257 sic
1213 1192 1362 1258 Graccho

382 1298 513 1382 politior
526 1312 560 1364 et
575 1294 714 1367 ornatior
730 1300 877 1378 Crassus,
902 1301 949 1366 sic
969 1311 1105 1384 utroque
1125 1299 1308 1365 distinctior
1330 1313 1363 1363 et

382 1406 535 1471 urbanior
550 1418 583 1472 et
603 1407 698 1473 altior
712 1407 837 1487 Cicero,
854 1408 1012 1472 Cicerone
1026 1407 1134 1473 mitior
1150 1407 1313 1472 Coruinus
1328 1421 1362 1472 et

317 1518 320 1522 ’
382 1513 508 1577 dulcior
523 1525 556 1578 et
570 1516 606 1578 in
620 1515 729 1580 uerbis
744 1514 848 1600 magis
864 1516 1057 1581 elaboratus.
1081 1538 1142 1580 nec
1158 1537 1275 1600 quaero
1291 1515 1362 1598 quis

382 1620 717 1712 disertissimuszhoc
737 1623 869 1688 interim
895 1624 1050 1707 probasse
1076 1628 1250 1688 contentus
1275 1645 1358 1699 sum,
1376 1648 1404 1690 rs

382 1751 450 1793 non
471 1734 540 1794 esse
561 1752 665 1795 unum
687 1730 890 1815 eloquentiae
913 1731 1043 1795 uultum
1063 1732 1119 1795 sed
1140 1736 1176 1794 in
1190 1730 1262 1827 illis
1284 1752 1361 1813 quo-

382 1859 444 1920 que
466 1858 546 1920 quos
568 1837 859 1922 uocatisantiquos
882 1839 992 1922 plures
1007 1839 1131 1921 species
1147 1837 1359 1921 deprehendi,

382 1966 444 2009 nec
467 1943 578 2008 statim
601 1943 742 2009 deterius
764 1967 832 2010 esse
848 1947 934 2028 quod
950 1946 1115 2010 diuersum
1130 1956 1190 2023 est,
1209 1945 1291 2009 uitio
1306 1966 1361 2009 au·

383 2062 447 2114 tem
475 2050 687 2136 malignitatis
713 2051 875 2115 humanae
901 2065 1013 2127 uetera
1039 2074 1165 2136 semper
1189 2053 1225 2116 in
1251 2054 1360 2130 laude,

382 2158 563 2247 praesentia
578 2158 613 2222 in
628 2158 761 2223 fastidio
782 2180 861 2223 esse.
903 2181 984 2223 num
1005 2160 1191 2224 dubitamus
1214 2160 1362 2224 inuentos
1377 2175 1407 2218 ro

383 2265 438 2349 qui
459 2287 535 2351 prae
557 2266 680 2331 Catone
701 2265 852 2350 Appium'
863 2267 1004 2332 Caecum
1026 2272 1128 2351 magis
1150 2266 1363 2332 mirarentur?

350 2429 352 2432 ,
383 2373 460 2438 satis
486 2384 680 2438 constetne
707 2374 860 2439 Ciceroni
888 2374 1019 2459 quidem
1049 2358 1278 2442 obtrectatbres
1308 2358 1386 2439 de?

382 2480 494 2558 fuisse,
511 2481 628 2565 quibus
644 2479 776 2548 inflatus
793 2493 825 2545 et
836 2492 969 2550 tumens
985 2503 1046 2545 nec
1063 2482 1140 2546 satis
1162 2504 1291 2567 pressus
1301 2482 1363 2544 sed

77 2592 88 2603 ”
177 2612 181 2621 ’
274 2650 280 2657 ,
382 2608 480 2672 supra
500 2589 632 2657 modum
652 2589 804 2653 exultans
826 2600 859 2653 et
880 2590 1079 2675 superfluens
1101 2601 1134 2652 et
1149 2612 1262 2673 parum
1277 2589 1361 2654 Atti·

188 2732 215 2771 ,χι
235 2749 324 2775 W„
375 2682 439 2758 cns
465 2695 639 2759 uideretur.
681 2694 807 2780 legistis
833 2694 944 2787 utique
971 2708 1003 2760 et
1030 2696 1125 2761 Calui
1148 2708 1180 2760 et
1203 2696 1299 2760 Bruti
1319 2697 1360 2759 ad
1375 2703 1404 2746 ²⁵

383 2802 575 2867 Ciceronem
598 2804 712 2887 missas
733 2802 901 2888 epistulas,
927 2803 1107 2887 exquibus
1128 2804 1224 2869 facile
1247 2816 1295 2868 est
1309 2806 1361 2868 de·

383 3058 536 3129 sepone
552 3062 582 3115 n
594 3058 713 3133 imporat
724 3061 834 3116 Anca
846 3061 861 3148 Ι
873 3060 901 3114 in
913 3059 962 3115 rur
976 3062 1000 3117 c
1014 3059 1042 3114 in
1056 3060 1113 3117 una
1131 3063 1162 3117 a
1177 3024 1206 3115 n
1225 3059 1304 3115 nura
1322 3057 1360 3127 ΔΙ

287 3246 288 3255 ,
383 3198 397 3262 'l
410 3211 460 3265 per
472 3199 500 3246 te
512 3192 701 3250 immitaturD
715 3193 721 3263 Ι
737 3191 884 3248 CaluiusA
899 3195 904 3262 Ι
919 3199 935 3247 9
948 3193 1020 3248 illud
1029 3195 1127 3261 CDEl
1145 3198 1176 3248 10
1187 3161 1360 3265 compbratus

276 3309 281 3320 ·
382 3284 410 3335 Α
428 3287 541 3350 capatus
553 3283 582 3335 B
596 3284 603 3349 Ι
625 3285 652 3334 11
670 3278 789 3335 Graccus
804 3281 917 3340 Cleon.
931 3283 953 3344 c)
970 3279 1095 3334 Grachus
1106 3283 1137 3335 D
1157 3279 1162 3345 Ι
1183 3279 1341 3335 huberiorb
1356 3283 1360 3351 Ι

383 3365 491 3420 Gracho
503 3369 533 3422 D
548 3371 554 3436 Ι
576 3370 606 3420 12
620 3367 806 3420 ornatiorem,
819 3368 850 3421 D
864 3370 869 3432 Ι
885 3365 1044 3420 dixtinctior
1055 3369 1086 3422 D
1107 3369 1111 3433 Ι
1134 3366 1278 3433 laniator]
1287 3370 1359 3437 sort.

382 3451 496 3506 nitidior
513 3454 580 3507 conl.
602 3452 694 3515 Quint.
714 3453 742 3520 I,
763 3457 787 3516 7,
809 3457 850 3507 35.
870 3452 911 3517 X,
935 3457 958 3518 l,
975 3455 1034 3507 113.
1061 3453 1140 3506 Ouid.
1161 3470 1194 3505 aa
1210 3453 1293 3507 Ponto
1312 3453 1358 3515 ΙΙ,

383 3543 408 3604 2,
424 3543 452 3592 51
472 3539 477 3609 Ι
495 3539 819 3609 lbinBsuprauernrm
831 3539 903 3602 add„
918 3556 968 3592 om.
983 3541 1112 3605 ACDEl
1127 3542 1359 3610 quoqueorn.Dl

383 3630 413 3678 21
441 3642 506 3695 prae
531 3626 683 3681 Grorlott'us
707 3624 736 3679 in
760 3625 918 3679 Burmanni
940 3625 1002 3695 syll.
1027 3624 1153 3694 epistJ
1168 3645 1199 3695 p.
1220 3627 1287 3679 358.-
1309 3642 1360 3696 pro

382 3712 521 3767 ABCDE
534 3715 539 3779 Ι
554 3711 698 3765 miraretur
708 3714 740 3766 D
754 3711 759 3782 Ι
774 3714 807 3764 13
821 3728 949 3782 praeseus
966 3712 1016 3766 OD
1038 3716 1043 3777 Ι
1065 3712 1098 3763 tt
1111 3710 1221 3766 Atticus
1234 3710 1361 3781 Lipsius.-

383 3797 513 3868 antiquus
526 3800 665 3853 ABCDE
682 3801 687 3864 Ι
711 3796 869 3851 recidetur
883 3797 933 3851 OD
948 3798 952 3865 Ι
969 3796 1053 3851 Calue
1065 3799 1096 3852 D
1117 3804 1122 3864 Ι
1144 3800 1178 3851 26
1191 3800 1267 3868 eplas
1279 3800 1365 3853 ABE
