3168 4758
723 461 1024 549 ...684-

385 656 558 721 lentiorem
585 657 821 739 eloquentiam,
850 654 935 718 siout
960 654 1140 718 indomitus
1168 677 1245 739 ager
1271 656 1371 719 habet

388 764 543 844 quasdam
558 764 675 828 herbas
690 746 851 854 laetiores.
891 762 950 825 sed
970 783 1031 825 neo
1052 763 1134 827 tanti
1153 764 1201 825 rei
1220 763 1370 845 publicae
1419 801 1423 808 =

391 869 614 935 Gracchorum
629 870 814 952 eloquentia
828 869 892 932 fuit
905 878 942 932 ut
957 879 1121 952 pateretur
1135 879 1169 932 et
1183 869 1286 952 leges,
1310 890 1370 932 neo

389 975 473 1038 bene
497 976 617 1041 famam
642 976 844 1058 eloquentiae
867 975 981 1039 Oioero
1008 975 1066 1039 tali
1091 977 1181 1038 exitu
1206 977 1415 1059 pausaniam

256 1092 264 1099 “
332 1083 373 1143 41
390 1081 436 1146 sio
458 1105 585 1165 quoque
605 1085 693 1166 quod
712 1095 859 1167 superest
880 1082 1022 1164 antiquis
1039 1083 1218 1147 oratoribus
1232 1083 1293 1147 fori
1307 1105 1373 1167 non

388 1192 577 1257 emendatae
600 1213 661 1255 nec
681 1212 784 1273 usque
805 1191 847 1253 ad
873 1201 988 1253 uotum
1015 1190 1201 1274 conpositae
1232 1189 1372 1254 ciuitatis

388 1308 616 1381 argumentum
630 1309 689 1360 est.
715 1298 805 1380 quid
809 1297 915 1361 enim?
938 1298 1025 1412 quod
1047 1318 1144 1361 nemo
1159 1318 1219 1360 nos
1235 1298 1373 1361 aduocat

387 1404 452 1467 nisi
473 1416 530 1469 aut
550 1426 669 1469 nocens
685 1416 741 1469 aut
755 1405 862 1468 miser.
882 1404 969 1486 quod
991 1398 1209 1487 municipium
1223 1404 1259 1466 in
1275 1405 1372 1468 elien·

389 1510 488 1574 telam
513 1522 656 1576 nostram
682 1513 774 1575 uenit
799 1513 864 1575 nisi
892 1513 979 1594 quod
1004 1523 1061 1575 aut
1083 1511 1212 1574 uicinus
1234 1511 1401 1594 poptrluse
1440 1500 1443 1505 ⁸

389 1628 445 1682 aut
474 1619 650 1683 domestica
686 1619 848 1685 discordia
877 1619 1000 1702 agitat?
1036 1612 1133 1700 quam
1171 1619 1374 1701 prouinciam
1465 1634 1472 1647 ·

393 1736 521 1790 tuemur
551 1729 615 1791 nisi
653 1722 824 1810 spoliatam
861 1723 1095 1807 uexatamque?
1132 1725 1221 1805 atqui
1258 1726 1373 1788 melius
1438 1792 1442 1801 ¹

390 1833 504 1910 luisset
526 1854 594 1897 non
610 1818 814 1916 queriquam
836 1833 1007 1897 uindicari.
1048 1833 1185 1914 quodsi
1208 1830 1374 1894 inuenire·

390 1951 442 2005 tur
458 1941 566 2022 aliqua
580 1942 698 2004 ciuitas
717 1942 753 2003 in
770 1962 832 2022 qua
854 1960 951 2002 nemo
973 1950 1132 2023 peccaret,
1155 1960 1373 2020 superuacuus
1395 2007 1398 2012 ,

391 2058 476 2111 esset
502 2049 586 2113 inter
612 2049 803 2111 innoeentes
823 2058 928 2110 orator
948 2048 1032 2111 sient
1051 2048 1136 2112 inter
1159 2066 1253 2108 sanos
1273 2046 1418 2109 medi-10

391 2176 460 2219 oua.
501 2175 565 2237 quo
585 2155 682 2218 modo
705 2165 814 2217 tamen
835 2155 1008 2217 minimum
1033 2174 1110 2216 usus
1135 2153 1374 2234 minimumque

390 2262 554 2343 profectus
578 2283 630 2326 ars
649 2236 811 2325 medentis
834 2261 957 2325 habet
920 2271 982 2324 ιιιι
988 2262 1034 2324 iis
1055 2260 1209 2343 gentibus
1225 2281 1307 2341 quae
1321 2259 1375 2320 fir·

390 2369 535 2435 nnaaima
555 2369 738 2431 ualitudine
760 2390 796 2431 ac
819 2368 1039 2434 saluberrimis
1062 2365 1250 2448 corporibus
1278 2376 1375 2427 utun

391 2666 424 2715 27
444 2662 524 2715 riouti
547 2661 626 2726 (siout
644 2662 682 2741 ed.
703 2662 764 2715 Ata.
785 2680 811 2714 a,
825 2622 906 2726 'itaq
929 2660 1079 2714 indomitus
1087 2680 1125 2729 p
1151 2647 1233 2735 aienti
1257 2659 1377 2712 domitus

390 2749 531 2812 ABODE
565 2750 597 2800 28
610 2747 711 2811 herbas
721 2752 749 2803 B
764 2752 769 2812 Ι
784 2747 912 2802 laetiores
922 2746 1085 2799 Rhenanus:
1099 2745 1210 2798 latiores
1220 2746 1359 2821 ABCDE
1372 2745 1375 2814 Ι

391 2834 464 2894 tanti
481 2834 645 2888 Rhenanus:
664 2840 725 2886 tuta
742 2835 882 2889 ABCDE
898 2841 975 2886 tanta
997 2834 1041 2897 Vl
1058 2849 1089 2884 .r.
1104 2850 1132 2901 p.
1147 2835 1175 2886 B
1191 2835 1195 2899 Ι
1211 2835 1244 2884 29
1260 2831 1377 2888 Gracco·

393 2984 454 3019 rum
466 2968 496 3021 D
508 2966 656 3020 Greeorum
666 2969 696 3020 E
709 2964 714 3037 Ι
730 2965 933 3036 ιιΙοιιιιειιιὶιΙιιιΙ
947 2967 980 3020 D
992 2968 997 3030 Ι
1013 2968 1045 3017 30
1058 2918 1163 3018 iideddA
1176 2965 1246 3016 bene
1254 2968 1280 3019 B
1297 2964 1377 3029 (bone

398 3056 404 3116 Ι
407 3057 436 3122 p)
453 3052 560 3122 bsupro
572 3070 680 3106 ιιιιιιιιιι
691 3052 761 3117 odd.)
782 3056 787 3117 Ι
802 3052 902 3105 samem
919 3048 955 3115 (ΔΙ
966 3051 1107 3104 Moretur:
1120 3050 1234 3104 formam
1241 3051 1381 3104 ABCDE

465 3140 476 3188 1
497 3138 602 3208 antiqui
622 3138 793 3211 Gronoaioa]
815 3137 868 3191 fori
888 3136 1058 3206 Speapeliua:
1052 3136 1151 3190 dorum
1170 3139 1257 3191 ABD
1282 3136 1378 3189 horum

396 3225 454 3289 OE,
475 3223 524 3321 dal.
539 3223 589 3276 Bri
578 3231 660 3279 ιιιιιιι
681 3223 686 3291 Ι
707 3225 722 3312 2
742 3223 903 3276 emendatae
916 3221 1040 3292 Lipsius:
1065 3224 1210 3275 emendare
1222 3222 1362 3275 ABODE
1373 3222 1377 3290 Ι

394 3316 561 3424 compositae
578 3357 706 3421 ΑΒΟΕΙ
722 3358 736 3406 3
751 3354 818 3424 quid
837 3355 909 3407 enim
927 3357 1001 3425 quod
1021 3371 1101 3407 nemo
1114 3354 1157 3408 B:
1152 3305 1289 3412 Qquideni
1304 3351 1379 3420 quod
1446 3383 1450 3389 -

394 3460 475 3495 nemo
488 3447 516 3496 Α
534 3441 596 3511 quis
616 3460 660 3497 enr
652 3442 755 3512 quide
768 3442 843 3511 quod
857 3458 937 3493 nemo
950 3443 980 3495 D
1000 3458 1066 3510 quas
1081 3441 1153 3493 enim
1171 3439 1245 3509 quod
1261 3454 1340 3490 nemo
1358 3437 1384 3488 V

394 3528 459 3596 quis
470 3529 543 3582 enim
558 3530 608 3583 OE
618 3528 727 3598 quidem
743 3527 818 3598 qnod
830 3543 940 3596 nemop
961 3532 978 3595 Ι
987 3529 1004 3577 4
1021 3525 1233 3587 clientelamt
1188 3524 1233 3577 Pit
1233 3526 1325 3576 lueto:
1345 3522 1381 3574 oi-

350 3650 353 3657 .
395 3620 510 3668 uitatem
531 3617 672 3670 ABODE
684 3617 689 3683 Ι
705 3614 943 3683 dprouintiamD
958 3620 962 3677 Ι
979 3611 1066 3665 Sfleri
1080 3613 1206 3664 Miratus
1222 3611 1225 3676 Ι
1243 3608 1381 3662 nendicari

395 3705 422 3755 Α
438 3702 443 3770 Ι
461 3706 486 3754 11
504 3707 605 3770 umen]
628 3702 694 3756 inde
712 3705 769 3756 AB
788 3701 859 3754 enim
877 3700 1055 3752 Heumannao
1077 3695 1176 3751 deinde
1194 3695 1324 3748 Homine.
1346 3711 1383 3747 on

349 3847 367 3856 Ι,
395 3787 507 3840 autem?
522 3789 526 3857 Ι
542 3806 594 3841 usu
607 3791 656 3853 D!
674 3790 705 3839 12
718 3788 761 3840 his
774 3786 820 3855 ΕΙ
839 3791 869 3838 13
883 3803 899 3838 a
913 3783 1124 3837 soluberimisD
