3168 4758
300 1295 491 1410 Diodopum
507 1325 543 1389 de
554 1326 727 1390 oratoribus
741 1327 826 1389 eiroo
841 1344 954 1387 annum
968 1326 1060 1401 1470,
1077 1326 1217 1389 decennio

175 1453 177 1457 ·
228 1433 296 1514 sere
309 1430 470 1513 postquam
486 1439 623 1512 repertus
639 1437 692 1505 est,
707 1449 770 1490 una
785 1418 851 1490 euru
868 1429 991 1510 reliquis
1006 1430 1101 1490 Taciti
1111 1430 1216 1510 operi-

227 1534 288 1596 ons
306 1553 382 1616 quae
398 1533 514 1616 quidem
532 1523 594 1594 tu'rn
609 1541 680 1594 noto
696 1541 785 1594 erant
795 1534 916 1613 primus
932 1530 1024 1592 edidit
1040 1530 1217 1591 Vindeiinus

231 1637 401 1718 Spirensis,
428 1637 459 1696 in
480 1643 536 1698 toto
552 1635 702 1697 uolumine
713 1652 820 1716 presse
841 1641 963 1697 secutus
983 1633 1093 1695 tibrum
1111 1633 1215 1712 pessi-

230 1757 329 1816 uum,
359 1739 413 1819 qui
435 1738 578 1799 Matidiae
604 1738 730 1799 Coruini
755 1738 838 1799 iussu
863 1738 995 1817 scriptus
1017 1753 1083 1796 oum
1106 1741 1216 1815 posteo
1288 1779 1290 1783 r

231 1841 378 1902 sambuci
391 1839 500 1919 suisset
515 1839 600 1901 hodie
616 1841 647 1901 in
663 1837 841 1901 bibliotheca
856 1841 898 1900 Vi
902 1838 951 1900 nd
956 1838 1141 1899 oboneusi
1154 1836 1214 1897 ad-

230 1951 375 2005 seruntur
396 1942 436 2023 (n.
451 1941 558 2022 eccur).
579 1940 669 2002 nurus
684 1941 823 2003 editionis
842 1945 964 2004 Venetae
981 1943 1044 2003 siue
1061 1938 1215 2021 Spirensis

232 2035 466 2107 innumerabiles
485 2064 621 2117 errores
652 2046 833 2105 Franciseus
863 2045 1044 2105 Puteolanus
1070 2042 1216 2102 inanime

236 2147 363 2228 (Medioi.
383 2152 446 2210 sine
462 2154 558 2222 aieuo;
584 2148 684 2208 Venet.
703 2167 733 2207 o.
756 2147 847 2222 ⁴497)
872 2155 900 2208 et
920 2147 1032 2221 Beatus
1058 2144 1217 2205 Rhenanus

236 2251 342 2333 (Basit.
368 2271 399 2311 o.
426 2247 518 2328 ⁴533)
546 2249 650 2310 tollere
673 2250 773 2309 conoti
791 2256 865 2310 sunt
889 2248 1003 2309 nuliius
1028 2247 1101 2308 iibri
1121 2265 1214 2306 runnu

229 2339 336 2431 scripti
350 2370 403 2431 ope
419 2351 517 2412 adiuti
523 2371 532 2426 ;
557 2369 683 2431 quorum
698 2358 825 2431 uterque
841 2369 908 2411 oum
924 2349 1008 2410 haud
1024 2368 1126 2429 pauco
1140 2347 1214 2425 feti-

230 2457 306 2516 oiter
320 2454 534 2531 emendauerit,
551 2453 717 2534 perereipui
729 2452 848 2532 fructus
858 2434 927 2533 fuit
941 2472 1034 2534 opero
1046 2471 1065 2512 a
1077 2450 1216 2532 Phiiippo

230 2557 379 2619 Berootdo
395 2557 427 2617 in
443 2555 626 2618 emendando
643 2555 760 2637 dioiopo
774 2551 930 2618 oonlooata
948 2555 1038 2636 (Rom.
1054 2554 1156 2619 atti
1166 2552 1212 2633 5).

228 2661 346 2739 primus
365 2665 434 2741 post
452 2657 639 2719 Vindetinurn
656 2657 828 2738 spirensem
851 2659 966 2740 scripto
984 2655 1121 2737 eaeernpio
1142 2673 1217 2716 usus

230 2769 274 2822 est
288 2763 392 2823 Iustus
407 2760 527 2841 Lipsius
547 2758 648 2841 [Autui
666 2780 696 2821 a.
718 2752 825 2840 4574),
853 2760 1091 2823 Farnesiano
1114 2755 1215 2818 codiee

236 2863 278 2944 (0)
304 2882 324 2922 a
346 2864 454 2925 Fuluio
486 2864 589 2924 Vrsino
615 2862 818 2943 suppeditato,
850 2883 901 2945 qur
928 2879 1111 2945 quamquam
1137 2861 1216 2927 insto

229 2966 328 3046 pluris
356 2983 375 3024 a
401 2966 504 3045 Lepsia
531 2966 659 3046 aliisque
682 2966 856 3027 aestimatus
878 2972 959 3027 tanto
975 2972 1074 3026 tamen
1097 2971 1126 3025 et
1141 2961 1214 3043 pie-

229 3068 318 3128 nioro
341 3075 370 3129 et
390 3068 557 3148 inteprioro
581 3068 679 3130 Taciti
702 3065 800 3129 eterno
819 3067 978 3146 praebuit,
1007 3075 1041 3130 ut
1066 3085 1120 3127 suo
1146 3066 1216 3125 inre

230 3169 378 3252 Lipsiano
399 3169 504 3247 editio,
538 3169 638 3230 multis
658 3178 819 3251 praeterea
837 3178 870 3243 et
893 3170 1068 3249 praeclaris
1091 3167 1216 3230 editoris

215 3267 484 3334 'emendationibus
513 3280 639 3348 ornata,
669 3291 727 3353 per
758 3273 878 3353 tonpurn
905 3280 1019 3352 ternpus
1045 3278 1214 3333 ceterarum

228 3375 396 3440 editionum,
415 3382 569 3454 tunquam
590 3372 821 3452 fundamentum
843 3376 988 3438 extiterit.
1018 3392 1113 3454 neque
1136 3374 1213 3434 enim

229 3478 389 3559 qnisquam
409 3476 550 3537 utilitatis
572 3476 675 3539 attulit
695 3478 794 3539 codens
816 3479 946 3540 Parisi
951 3479 1031 3541 ensi
1037 3495 1052 3537 s
1072 3475 1112 3557 (Ρ)
1137 3476 1214 3535 Vin-

228 3578 392 3641 dobonensi
406 3578 456 3640 isti
467 3580 624 3661 pronitate
636 3596 733 3660 poene
743 3598 840 3661 paro
857 3582 944 3641 Petro
962 3579 1077 3641 Pithoeo
1098 3578 1211 3658 (Poris.

230 3702 261 3743 a.
282 3678 374 3763 ⁴580)
396 3682 427 3743 in
441 3699 532 3743 usum
547 3689 692 3756 uocatus;
713 3683 866 3761 permulta
884 3701 958 3743 uero
972 3682 1124 3764 sopoeiter
1139 3698 1214 3742 eor-

182 3825 185 3831 ·
229 3790 381 3848 renerunt
405 3801 474 3845 oum
503 3784 566 3863 ipse
592 3783 733 3845 Pithoeus
763 3791 825 3845 turn
851 3782 997 3846 Antonius
1024 3787 1159 3847 Muretus
1185 3791 1215 3844 et
