3168 4758
708 526 1008 587 --.12--

369 712 445 756 cum
459 692 608 776 optinent
622 691 780 774 imagines
796 715 833 756 ac
849 693 937 757 tituli
953 705 986 756 et
1000 704 1138 770 statuae,
1152 715 1236 776 quae
1247 717 1353 778 neque

368 797 440 881 ipsa
460 810 569 862 tamen
583 798 812 883 neglegrmtur‚
830 810 896 863 tam
911 799 1043 864 hercule
1059 821 1156 882 quam
1171 801 1305 876 diuitiae
1321 812 1371 871 et,

368 926 460 989 opes,
483 893 561 988 quas
587 904 713 968 facilius
740 905 890 970 inuenies
915 906 973 989 qui
991 907 1156 992 uituperet
1179 911 1275 990 quam
1298 908 1355 990 qui

368 1010 522 1075 fastidiat.
554 1011 606 1076 his
627 1011 729 1096 igitur
749 1021 782 1074 et
801 1012 979 1077 honoribus
996 1024 1029 1077 et
1044 1013 1242 1078 ornamentis
1260 1014 1352 1078 et‘fa·

100 1185 115 1212 w
187 1172 216 1201 Ἄ,
263 1174 319 1222 Η,
343 1102 543 1203 'culmtibus
565 1120 698 1185 refertas
715 1120 828 1183 domos
850 1140 962 1183 eorum
982 1119 1151 1197 uidemus,
1172 1120 1231 1204 qui
1251 1142 1286 1185 se
1309 1123 1350 1187 ab
1367 1139 1394 1181 as

369 1224 502 1289 ineunte
524 1226 742 1291 adolescentia
764 1226 870 1290 causis
885 1227 1069 1292 forensibus
1085 1238 1118 1291 et
1133 1229 1271 1292 oratorio
1287 1240 1353 1292 stu·

339 1331 423 1401 9dio
453 1320 622 1396 dederunt.
662 1355 739 1398 nam
762 1334 907 1399 carmina
926 1345 960 1397 et
978 1355 1091 1398 uersus
1114 1335 1230 1418 quibus
1253 1345 1354 1416 totam
1441 1352 1444 1357 ’

369 1438 470 1502 uitam
481 1439 649 1504 Maternus
665 1441 826 1504 insumere
838 1452 931 1524 optat
946 1441 1032 1523 {inde
1044 1442 1132 1504 enim
1143 1441 1248 1521 omnis
1259 1442 1354 1505 fluxit

196 1578 201 1585 ·
249 1598 256 1605 .
368 1545 479 1630 oratio)
499 1568 606 1630 neque
628 1547 821 1630 dignitatem
842 1547 945 1611 ullam
963 1548 1150 1613 auctoribus
1165 1549 1232 1612 suis
1249 1550 1352 1612 eonci-

368 1644 451 1755 liant
464 1675 570 1737 neque
582 1663 619 1717 ut
606 1653 739 1717 tilitates
752 1654 857 1731 alunt,
870 1654 1071 1737 uoluptatem
1084 1665 1194 1719 autem
1205 1656 1350 1731 breuem,

368 1722 532 1823 lllllem
523 1783 656 1825 manem
679 1771 711 1824 et
733 1761 969 1840 infructuosam
990 1773 1245 1844 consequuntur
1278 1762 1382 1825 licets

369 1866 480 1930 haec
471 1877 596 1950 1psaet
617 1888 699 1949 quae
723 1869 889 1987 deinceps
898 1869 1041 1932 dicturus
1062 1889 1134 1932 sum
1156 1891 1248 1933 aures
1264 1879 1351 1946 tuae,

368 1972 527 2048 Materne,
547 1986 713 2057 respuant,
730 1997 782 2038 cur
760 1959 893 2038 bodo
912 1988 962 2039 est
981 1975 1009 2039 si
1029 1976 1118 2061 apud
1133 1985 1164 2038 ta
1180 1978 1353 2059 Agamem

368 2101 436 2143 non
457 2092 513 2144 aut
529 2081 626 2145 lason
648 2081 765 2144 diserte
786 2083 890 2164 loquit
878 2081 948 2146 tur?
970 2082 1041 2165 quis
1062 2081 1134 2145 ideo
1151 2083 1284 2147 domum
1300 2084 1353 2145 de·

368 2182 479 2251 feneus
501 2198 533 2250 et
555 2187 616 2279 tibi
639 2187 802 2272 obligatus
817 2188 922 2253 redit?
943 2189 1016 2272 quis
1033 2188 1177 2253 Saleium
1192 2201 1351 2267 nostrum,

369 2294 535 2378 egregium
546 2304 683 2377 poetam
700 2296 765 2385 uel,
783 2318 811 2360 ιι
801 2294 888 2359 hoc
903 2295 1168 2360 honorificentius
1185 2309 1245 2373 est,
1263 2319 1354 2381 prae·
1371 2318 1418 2362 ro·
1520 2334 1524 2343 «
1578 2289 1580 2325 ²

369 2400 581 2466 clarissimum
602 2412 724 2499 uatem,
743 2402 876 2466 deducit
897 2415 954 2465 aut
974 2403 1094 2467 salutat
1081 2412 1171 2466 taut
1185 2404 1384 2486 prosequi-

283 2557 284 2560 ι
369 2506 440 2571 turi
457 2469 648 2590 nemrlelsr
651 2509 773 2572 amicus
794 2509 874 2586 eius,
893 2508 921 2574 si
937 2508 1150 2592 propinquus,
1169 2532 1197 2573 sr
1187 2510 1354 2593 denique

369 2615 438 2698 ipse
453 2614 488 2678 in
503 2615 635 2704 aliquod
649 2616 819 2700 negotium
834 2617 996 2692 inciderit,
1012 2616 1053 2678 ad
1068 2616 1155 2679 hunc
1167 2616 1354 2680 Secundum

355 2734 510 2810 recurret
532 2732 587 2785 aut
608 2724 650 2786 ad
672 2735 715 2801 te,
733 2726 893 2800 Materne,
913 2745 979 2787 non
996 2723 1073 2806 quia
1085 2734 1183 2807 poeta
1198 2744 1232 2786 es
1247 2744 1354 2805 neque

368 2837 405 2890 ut
424 2849 482 2913 pro
506 2849 543 2890 eo
566 2851 678 2894 uersus
701 2831 820 2896 facias:
839 2830 874 2893 hi
889 2830 978 2894 enim
996 2834 1096 2894 Basso
1111 2829 1200 2892 domi
1215 2845 1413 2894 nemun-1⁵,

369 2945 431 3011 tur,
445 2934 575 3018 pulchri
590 2937 721 3018 quidem
737 2947 768 2999 et
783 2937 931 3013 iucundi,
946 2957 1082 3019 quorum
1097 2947 1205 3000 tamen
1221 2936 1275 2999 hic
1287 2935 1353 2998 exi·

369 3143 399 3191 31
416 3138 544 3199 obtinent
560 3138 611 3192 OE
624 3140 628 3209 Ι
643 3140 804 3210 inmagines
821 3140 873 3194 C'D
889 3140 894 3208 Ι
908 3143 941 3194 32
955 3140 1254 3211 negligunturABOD
1266 3139 1354 3195 necle·

369 3231 473 3293 guntur
484 3224 514 3277 E
527 3225 532 3295 Ι
548 3229 580 3279 33
593 3225 698 3280 fatilius
710 3226 741 3279 D
756 3227 760 3295 Ι
777 3224 809 3279 35
822 3226 954 3281 referctas
965 3228 994 3280 B
1008 3232 1012 3294 Ι
1029 3244 1125 3281 eorum
1138 3245 1189 3280 om.
1199 3226 1229 3278 D
1244 3229 1249 3292 Ι
1264 3230 1297 3279 36
1306 3225 1353 3278 ab·

369 3308 538 3364 dolescentia
550 3311 582 3363 D
592 3318 682 3366 aetate
695 3310 883 3366 adolescentia
898 3312 922 3365 0

439 3399 454 3448 2
468 3413 530 3451 eam
542 3396 573 3449 D
587 3398 592 3467 Ι
608 3402 622 3451 3
637 3397 781 3472 autoribus
800 3399 857 3451 AB
871 3401 876 3465 Ι
892 3403 907 3450 l
922 3397 1051 3453 utilitatis
1063 3397 1093 3451 D
1107 3402 1113 3463 Ι
1128 3402 1143 3451 5
1157 3406 1185 3451 et
1202 3397 1352 3452 infructuo-

369 3499 427 3537 sam
439 3500 490 3535 om.
505 3483 536 3536 D
550 3486 554 3549 Ι
571 3486 586 3536 5
599 3490 804 3553 consequentur
815 3483 846 3536 D
858 3494 1043 3539 consecuntur
1055 3483 1085 3537 Ε
1097 3486 1102 3550 Ι
1118 3487 1133 3536 6
1150 3481 1250 3537 deinde
1259 3482 1342 3536 CDE
1347 3481 1352 3548 Ι

371 3573 537 3625 lmaternaa
552 3570 576 3624 0
589 3574 594 3635 Ι
609 3572 772 3640 Agamenon
788 3569 840 3623 OD
855 3570 860 3638 Ι
883 3575 899 3624 9
917 3571 1009 3625 reddit
1020 3570 1051 3623 D
1066 3570 1071 3639 Ι
1087 3568 1226 3624 Caeleium
1244 3573 1271 3621 A
1284 3569 1352 3622 Coe-

368 3653 452 3708 leiurn
461 3656 490 3708 B
501 3654 619 3711 Saltium
631 3656 661 3708 D
675 3654 680 3726 Ι
698 3658 729 3708 10
739 3656 915 3727 aegraegium
926 3655 950 3709 0
963 3655 968 3726 Ι
986 3659 1016 3710 12
1030 3654 1097 3722 eius]
1109 3662 1153 3709 eet
1164 3655 1240 3725 ΛΒΙ
1255 3672 1277 3709 s.
1293 3671 1354 3724 pro·

368 3740 490 3812 pinquus
504 3741 534 3794 D
548 3741 553 3812 Ι
571 3747 601 3796 13
614 3740 720 3812 aliquid
741 3743 772 3795 D
786 3743 791 3812 Ι
806 3742 950 3812 negocium
963 3742 1019 3795 AB
1033 3740 1039 3812 Ι
1064 3745 1093 3795 14
1106 3742 1233 3796 decurret
1250 3744 1353 3795 Grono-

368 3829 428 3882 ra'us
443 3826 448 3897 Ι
466 3832 495 3880 15
509 3836 540 3880 at
552 3845 603 3880 om.
616 3827 647 3880 D
661 3832 666 3894 Ι
685 3830 714 3881 16
727 3826 815 3898 pulcri
826 3826 925 3896 CDEl
941 3833 968 3880 ts
980 3831 1008 3880 Α
