3168 4758
712 502 1011 563 ...pq-.-

261 676 265 686 ’
371 678 512 763 placent,
536 676 605 740 siue
626 673 794 739 uniuersae
815 669 881 734 siae
901 682 1008 754 partes
1028 686 1149 747 earum,
1174 669 1208 731 in
1229 667 1348 752 quibus

371 784 507 850 nitorem
524 793 556 846 et
570 779 775 847 altitudinem
797 782 912 845 horum
935 791 1115 864 temporum
1129 777 1343 860 agnoscimus.

372 894 480 957 sordes
500 900 612 955 autem
632 908 740 952 rerum
762 899 795 951 et
810 890 986 961 uerborum<
1001 900 1033 950 et
1053 885 1147 950 hians
1170 884 1348 968 conpositio
1364 899 1398 942 io

369 996 575 1064 etiuconditi
590 1014 703 1060 sensus
724 996 871 1060 redolent
889 994 1128 1077 antiquitatem,
1152 1012 1214 1055 nec
1237 1010 1347 1075 quem-

373 1122 468 1191 quam
484 1105 563 1169 adeo
577 1103 793 1188 antiquarium
809 1115 900 1188 puto,
922 1113 959 1166 ut
974 1101 1123 1173 Caelium
1144 1120 1185 1163 ex
1199 1122 1237 1163 ea
1252 1109 1343 1183 parte

373 1214 484 1278 laudet
498 1232 563 1296 qua
576 1200 729 1295 antiquus
745 1221 803 1274 est.
836 1212 1050 1275 concedamus
1066 1228 1143 1273 sarie
1159 1208 1197 1271 0.
1218 1206 1347 1270 Caesari

373 1331 411 1384 ut
428 1330 560 1405 proptor
581 1319 840 1402 magnitudinem
864 1318 1106 1402 cogitationum⁴
1119 1326 1151 1378 et
1166 1313 1347 1398 occupatio-

373 1429 430 1490 nes
453 1447 559 1490 rerum
579 1425 687 1489 minus
709 1427 746 1489 in
767 1420 953 1509 eloquentia
973 1423 1112 1488 effecerit
1140 1440 1238 1506 quam
1266 1419 1348 1483 diui·
1364 1439 1398 1483 aa

352 1556 451 1601 'num
482 1535 549 1598 cius
578 1534 747 1618 ingenium
774 1533 975 1618 postulabat,
1014 1543 1079 1596 tam
1116 1529 1223 1593 hercle
1253 1544 1348 1611 quam

262 1654 264 1665 ’
376 1647 510 1705 Brutum
524 1640 749 1726 philosophiae
769 1663 846 1705 suae
861 1641 1099 1723 relinquamus;
1124 1643 1201 1701 narn
1223 1635 1259 1698 in
1280 1658 1347 1700 ora-

374 1749 515 1813 tionibus
542 1751 698 1814 minorem
720 1766 791 1812 esse
819 1748 904 1811 fama
931 1768 989 1810 sua
1015 1746 1113 1810 etiam
1139 1734 1345 1808 admiratores

372 1856 443 1920 eius
463 1857 615 1921 fatentur.
655 1855 717 1919 nisi
739 1855 822 1918 forte
844 1855 1015 1943 quisquam
1038 1863 1094 1917 aut
1116 1852 1264 1917 Caesaris
1289 1868 1348 1934 pro

373 1964 474 2027 Decio
491 1963 636 2027 Samnite
650 1972 707 2025 eut
721 1962 814 2026 Bruti
827 1980 886 2045 pro
902 1962 1053 2025 Deiotaro
1073 1978 1148 2044 rege
1166 1970 1349 2044 ceterosque
1365 1968 1399 2009 ³0
1502 1942 1507 1949 ⁴

374 2070 517 2133 eiusdem
532 2068 735 2134 lentitudinis
750 2088 786 2132 ac
801 2070 920 2153 teporis
935 2069 1033 2132 libros
1049 2067 1130 2151 legit
1151 2103 1191 2114 -·
1215 2065 1277 2128 nisi
1294 2065 1349 2149 qui

375 2187 407 2241 et
422 2178 564 2241 carmina
584 2177 759 2240 eorundem
773 2176 906 2261 miratur
913 2200 923 2252 ;
946 2176 1091 2239 fecerunt
1112 2176 1199 2239 enim
1227 2185 1259 2237 et
1282 2196 1348 2238 car·

374 2283 464 2348 mina
479 2285 560 2349 etin
575 2284 794 2370 bybliothecas
816 2283 1006 2360 retulerunt,
1028 2305 1095 2346 non
1117 2283 1232 2346 melius
1253 2303 1350 2365 quam

375 2392 486 2456 Cicero
502 2392 556 2455 sed
572 2391 711 2483 felicius,
729 2393 803 2475 quia
816 2391 895 2485 istos
917 2393 1031 2456 fecisse
1045 2391 1211 2474 pauciores
1228 2392 1346 2454 sciunt.

374 2498 507 2564 Asinius
529 2518 666 2583 quoque,
697 2518 888 2583 quamquam
914 2498 1118 2584 propioribus
1145 2498 1346 2582 temporibus
1363 2512 1398 2555 ss

378 2768 409 2817 1⁸
429 2764 488 2818 siue
505 2764 649 2819 uniuersae
668 2765 726 2823 siue
745 2774 836 2836 partes
854 2780 949 2818 earum
966 2762 1110 2817 Pithoeus.-
1135 2762 1193 2816 siue
1217 2762 1352 2816 uniuersa

375 2858 453 2922 parte
466 2867 556 2905 serum
563 2853 702 2907 ABGDE
712 2853 771 2904 siue
784 2851 813 2904 in
825 2850 955 2905 uniuersa
966 2857 1045 2921 parte
1056 2867 1105 2903 seu
1115 2851 1130 2903 d
1142 2849 1165 2902 ai
1173 2864 1229 2902 non
1240 2847 1354 2902 uniuer-

375 2952 422 2992 aae
434 2944 463 2990 at
475 2947 567 3007 partes
580 2956 674 2991 earum
687 2937 825 2991 Acidaliae
850 2941 857 3001 Ι
883 2939 915 2989 2⁰
932 2950 1024 2990 renim
1041 2943 1069 2988 et
1086 2933 1195 3006 scripti:
1214 2933 1310 3005 regule
1322 2937 1353 2988 A

375 3023 473 3094 regule
485 3025 513 3077 B
530 3024 552 3086 Ιό
564 3024 622 3089 ded)
637 3026 668 3079 D
684 3023 748 3077 illae
764 3025 819 3085 OE,
834 3041 885 3078 orn.
894 3041 916 3091 p
943 3021 1100 3092 rubigoque
1113 3021 1234 3076 uuam
1257 3022 1261 3087 Ι
1277 3037 1355 3074 com-

376 3109 476 3180 positio
488 3111 597 3165 ABOE
611 3114 614 3176 Ι
631 3114 658 3162 11
676 3109 793 3167 reddent
806 3109 972 3164 OredeutD
986 3109 991 3177 Ι
1008 3124 1162 3179 quenquam
1172 3109 1284 3163 AODE
1297 3110 1302 3172 Ι
1318 3109 1353 3159 22

377 3196 543 3251 OueliumB
559 3201 563 3266 Ι
579 3195 785 3265 23antiquisD
800 3197 804 3265 Ι
820 3190 1019 3250 diminitum.
1037 3196 1078 3260 ΟΙ
1098 3193 1348 3266 eloquentiamDi

376 3284 485 3352 quoe'O
502 3313 505 3337 i
528 3288 559 3336 27
573 3281 758 3352 relinquamus
774 3283 803 3346 O,
817 3282 885 3335 aedr
896 3278 965 3334 eorr'.
980 3282 1034 3335 eal
1060 3281 1065 3352 Ι
1093 3282 1125 3334 28
1139 3280 1271 3337 minorem
1284 3294 1350 3332 esse

375 3371 472 3424 ernuD
486 3370 490 3437 Ι
506 3372 538 3423 29
552 3368 605 3422 nisi
616 3368 695 3434 forte]
717 3366 764 3420 sisi
777 3368 846 3420 forte
862 3370 886 3423 0
905 3367 928 3421 si
939 3367 1011 3422 forte
1023 3367 1245 3437 Betaeuberyerua
1251 3380 1349 3434 propr.

377 3454 473 3509 Dread
490 3474 516 3509 a.
533 3458 599 3509 1srt
606 3466 637 3525 'pr
651 3460 684 3507 tu
708 3470 775 3507 num
793 3454 864 3506 forte
879 3455 1025 3517 Glareanus
1034 3453 1090 3507 an
1101 3453 1123 3504 Ι
1129 3470 1164 3522 ρ.Ι
1174 3454 1203 3504 11
1231 3468 1280 3505 nec
1292 3451 1350 3504 iere

296 3544 299 3560 ¹
378 3528 534 3606 luciforme)
552 3540 705 3594 Groaeuias
732 3541 737 3610 Ι
752 3544 780 3593 31
804 3540 906 3610 teporis
927 3539 1052 3610 Liparae:
1068 3538 1200 3609 temporis
1212 3538 1357 3593 ABODB

376 3627 494 3697 torporis
507 3626 625 3681 &taam
646 3634 650 3687 Ι
674 3629 705 3678 33
718 3625 910 3696 bybliothecas
924 3626 955 3678 d:
967 3624 1139 3698 byblioteoas
1151 3626 1179 3680 B
1196 3624 1346 3679 bibliothe-

377 3728 421 3769 cas
439 3714 521 3768 ΑΘΒ
541 3713 705 3768 bibliotecae
722 3715 753 3767 E
778 3714 782 3781 Ι
809 3710 841 3766 :ll
861 3713 909 3781 qui
927 3716 991 3779 AB,
1013 3728 1079 3767 corr.
1101 3708 1214 3780 dlilloa
1234 3708 1331 3766 bonu
1343 3708 1352 3779 Ι
1447 3776 1449 3781 ‚

377 3804 409 3852 35
422 3799 591 3867 temporibus
604 3799 641 3854 bis
653 3818 700 3853 aer.
715 3804 743 3854 A
