3168 4758
646 558 661 569 ..
730 512 1031 571 -tt—

389 701 451 762 que
467 691 574 742 orator
588 690 717 762 saperet
732 688 890 761 quantum
907 680 1026 741 erranti
1049 679 1171 762 populo
1185 680 1372 770 persuaderi

389 796 526 868 poterat.
564 785 641 847 ltine
657 785 747 867 leges
762 785 911 848 assiduae
928 796 960 848 et
974 786 1132 869 populare
1145 806 1277 863 nomen,
1295 786 1372 849 hinc
1389 807 1416 848 ro

389 894 558 956 contiones
579 892 828 975 magistratuum
851 912 956 976 paene
977 892 1239 976 pernoctantium
1263 893 1300 956 in
1321 915 1370 956 rc·

347 1044 350 1050 -
388 999 474 1076 stris,
492 999 570 1063 hinc
586 999 811 1062 accusationes
823 1000 1006 1082 potentium
1027 1019 1154 1061 reorum
1174 1010 1207 1061 et
1228 1000 1371 1083 assigna-

389 1116 441 1168 tae
463 1107 561 1170 etiam
582 1106 731 1169 domibus
753 1105 957 1182 inimicitiae,
982 1105 1059 1169 binc
1074 1127 1243 1189 procerum
1258 1105 1369 1170 facun-

388 1233 446 1275 nes
473 1223 506 1275 et
532 1213 661 1276 assidua
686 1223 816 1277 senatus
844 1213 998 1275 aduersus
1027 1213 1155 1295 plebem
1181 1213 1367 1277 certamina.

389 1339 471 1400 quae
494 1319 624 1402 singula
647 1317 707 1381 etsi
730 1319 956 1382 distrahebant
977 1341 1044 1382 rem
1070 1319 1254 1402 publicam,
1281 1321 1370 1381 exer·
1387 1335 1413 1376 tt

388 1426 506 1487 cebant
532 1437 641 1488 tamen
661 1426 790 1488 illorum
813 1437 993 1508 temporum
1017 1425 1237 1509 eloquentiam
1251 1436 1371 1488 etma-
1483 1476 1491 1491 .

346 1514 362 1577 s
388 1532 462 1614 gnis
477 1531 642 1596 cumulare
656 1532 808 1615 praemiis
822 1532 1029 1609 uidebantur,
1052 1532 1128 1615 quia
1150 1543 1271 1616 quanto
1286 1533 1370 1615 quis·
1462 1527 1465 1531 ’

389 1660 451 1720 q‘ue
466 1639 541 1723 plus
557 1633 695 1703 dicendo
710 1649 847 1721 poterat,
873 1650 964 1703 tanto
985 1640 1117 1703 facilius
1133 1639 1272 1702 honores
1287 1660 1370 1704 asse-

388 1747 564 1828 quebatur,
598 1757 688 1809 tanto
718 1746 823 1828 magis
852 1746 887 1807 in
913 1746 993 1829 ipsis
1020 1746 1197 1810 honoribus
1227 1746 1370 1829 collegas

387 1874 462 1916 suos
478 1853 635 1929 anteibat,
659 1862 750 1915 tanto
771 1854 845 1936 plus
860 1855 947 1936 apud
962 1854 1125 1938 principes
1140 1854 1275 1936 gratiae,
1298 1853 1373 1936 plus
1386 1872 1414 1916 ro

388 1960 588 2022 auctoritatis
604 1961 691 2042 apud
706 1972 827 2042 patres,
841 1960 915 2043 plus
929 1961 1065 2023 notitiae
1080 1982 1119 2024 ac
1129 1959 1272 2022 nominis
1282 1960 1370 2055 apud
1456 1998 1458 2003 .

387 2065 516 2148 plebem
538 2067 682 2148 parabat.
714 2065 749 2128 hi
771 2067 931 2130 clientelis
954 2068 1053 2131 etiam
1069 2077 1251 2130 exterarum
1266 2067 1370 2129 caric

386 2193 466 2235 num
481 2172 720 2248 redundabant,
745 2172 804 2259 laos
819 2172 897 2235 ituri
911 2172 948 2235 in
963 2172 1148 2256 prouincias
1162 2174 1371 2257 magistratus

386 2270 629 2357 retinebantur,
641 2280 712 2342 bos
735 2280 856 2342 reuersi
878 2279 1040 2355 colebant,
1064 2280 1124 2344 hos
1147 2290 1179 2343 et
1199 2292 1371 2363 praeturae

388 2397 419 2448 et
441 2387 626 2448 consulatus
649 2407 766 2449 uocare
786 2384 872 2447 ultro
893 2387 1107 2464 uidebantur,
1131 2386 1230 2449 hine
1251 2387 1412 2470 priuatim

387 2492 519 2573 quidem
534 2493 608 2555 siue
623 2502 781 2575 potestate
797 2502 899 2569 mant,
919 2514 994 2556 cum
1009 2505 1041 2556 et
1056 2493 1213 2576 populum
1230 2505 1263 2557 et
1277 2515 1369 2557 sena·

387 2609 456 2661 tum
471 2600 606 2662 consilio
622 2609 654 2661 et
669 2599 860 2662 auctoritate
882 2611 1049 2682 regerent3
1084 2600 1162 2689 quin
1185 2600 1285 2662 immo
1307 2599 1372 2663 sibi

387 2704 449 2787 ipsi
464 2715 690 2787 persuaserant
704 2706 869 2768 neminem
885 2706 1155 2789 siueeloquentia
1173 2717 1230 2769 aut
1241 2707 1370 2789 assequi

385 2831 480 2893 posse
502 2812 539 2873 in
561 2813 691 2875 ciuitate
713 2823 768 2875 aut
792 2814 876 2876 tueri
892 2815 1103 2897 conspicuum
1120 2824 1152 2876 et
1172 2813 1369 2877 eminentem

388 2917 509 2980 locum.
547 2940 607 2982 uec
634 2920 772 2995 mirum,
808 2942 882 2984 cum
909 2921 1007 2983 etiam
1028 2920 1124 2983 inuiti
1148 2922 1190 2983 ad
1211 2919 1370 3003 populum
1385 2943 1412 2983 ao

388 3024 653 3104 producerentur,
676 3048 751 3090 cum
773 3048 889 3109 parum
916 3037 1000 3090 esset
1025 3027 1059 3089 in
1088 3036 1204 3089 senatu
1226 3026 1370 3090 breuiter

385 3263 401 3313 9
415 3261 497 3313 errati
508 3264 539 3316 D
553 3264 559 3329 1
574 3261 742 3333 persuadere
754 3263 905 3317 Halmau*
921 3267 926 3330 1
945 3268 974 3316 to
988 3280 1087 3318 nomeu
1101 3264 1146 3318 hic
1155 3270 1182 3318 A
1197 3264 1202 3335 1
1219 3268 1247 3317 11
1264 3264 1369 3317 concio·
1393 3314 1399 3319 .

385 3363 434 3400 nes
447 3348 502 3402 ΒΟ
513 3349 517 3418 Ι
536 3351 566 3400 12
578 3364 688 3402 reorum
701 3351 757 3404 Bc:
773 3367 866 3403 rerum
877 3348 1003 3416 Aona!
1020 3352 1051 3403 13
1064 3349 1208 3407 inimicicie
1220 3353 1246 3403 A
1258 3347 1370 3403 inimiti-

384 3432 438 3485 tiae
450 3434 496 3502 111
511 3437 540 3487 18
554 3434 775 3504 assequebantur
786 3436 816 3490 D
827 3435 832 3503 1
846 3438 876 3491 19
888 3444 991 3505 quanto
1000 3435 1039 3504 El
1053 3439 1081 3488 21
1098 3434 1254 3489 autoritatis
1266 3437 1294 3488 B
1305 3433 1309 3502 1
1320 3451 1369 3487 no·

383 3517 445 3571 ticio
457 3524 484 3572 A
499 3522 504 3586 1
520 3521 552 3571 22
565 3518 676 3590 plebem
690 3522 720 3574 D
735 3522 740 3588 1
755 3521 899 3592 parabant
915 3520 1058 3591 Pittacum
1071 3519 1370 3591 probabatABODEl

385 3639 419 3689 23
437 3622 617 3708 magistratur
639 3616 787 3693 Cmfatue
807 3642 837 3694 D
863 3644 869 3705 1
889 3644 921 3693 rt
943 3648 971 3693 et
991 3658 1042 3693 cra.
1063 3643 1094 3695 D
1113 3640 1118 3709 1
1140 3644 1176 3693 16
1191 3638 1303 3709 quidem
1321 3636 1371 3709 qui

387 3721 430 3788 0!
445 3739 529 3792 quom
552 3726 591 3790 01
611 3727 644 3777 17
656 3732 786 3794 cogerent
804 3728 852 3791 Bt
868 3729 900 3795 28
916 3725 969 3795 ipsi
986 3742 1037 3779 ota.
1052 3729 1081 3781 B
1100 3729 1107 3790 Ι
1125 3729 1153 3778 31
1171 3724 1372 3795 produceretur

383 3809 414 3862 D
428 3811 434 3873 1
450 3826 510 3860 cum
524 3826 622 3879 parum
636 3818 709 3863 esset
722 3810 761 3863 bia
772 3827 823 3863 scr.
837 3806 879 3864 D³
1328 3824 1333 3833 ·
