3168 4758
696 425 865 530 -256
911 502 995 513 ...-

352 640 484 702 adeum
500 632 661 703 oratorem
674 638 731 720 qui
746 637 926 721 principem
940 637 977 700 in
992 634 1124 701 ciuitate
1138 637 1247 699 locum
1258 636 1339 717 opti·
1355 657 1370 695 5

353 746 455 808 nebat
462 769 471 820 3
492 745 579 807 hunc
600 744 734 820 sectari,
758 745 847 809 hunc
874 744 1045 828 prosequi,
1067 743 1164 808 huius
1187 743 1339 805 omnibus

355 851 553 917 dictionibus
576 850 732 916 interesse
754 853 824 916 siue
843 854 880 916 in
901 852 1032 915 iudiciis
1046 850 1116 915 siue
1131 850 1166 914 in
1182 849 1339 912 contioni·
1365 904 1367 907 ,

353 960 414 1022 bus
435 956 657 1035 adsueseebat,
674 958 720 1022 ita
739 969 777 1021 ut
792 958 1017 1023 altercationes
1032 976 1161 1041 quoque
1176 957 1340 1039 exciperet

354 1077 387 1128 et
401 1063 514 1147 iurgiis
528 1065 699 1130 interesset
713 1076 814 1150 utque
830 1066 876 1129 sic
891 1066 1029 1129 dixerim
1044 1086 1191 1150 pugnare
1201 1065 1237 1127 ia
1248 1085 1338 1147 proe-

353 1171 399 1236 lio
420 1171 568 1235 disceret.
600 1193 738 1256 magnus
763 1193 803 1236 ex
825 1172 888 1236 hoc
908 1194 1005 1249 usus,
1025 1152 1383 1237 annumeramus

353 1278 439 1356 tiae,
464 1279 640 1362 plurimum
668 1279 780 1343 iudicii
801 1279 978 1343 iuuenibus
999 1280 1110 1343 statim
1132 1278 1341 1361 contingebat

353 1385 390 1450 in
410 1386 519 1449 media
534 1387 615 1458 luce
632 1386 840 1451 studentibus
857 1397 953 1469 atque
967 1388 1053 1450 inter
1067 1387 1137 1470 ipsa
1153 1385 1341 1450 discrimina

353 1493 411 1557 ubi
426 1514 523 1556 nemo
538 1493 672 1576 impune
687 1495 785 1557 stulte
798 1494 920 1577 aliquid
934 1504 991 1556 aut
1001 1494 1161 1557 contrarie
1173 1493 1263 1568 dicit,
1277 1514 1340 1575 quc

353 1601 461 1664 minus
484 1613 517 1662 et
538 1600 638 1662 iudex
661 1615 793 1684 respuat
809 1612 842 1665 et
857 1602 1059 1666 aduersarius
1075 1600 1260 1683 exprobret,
1278 1600 1341 1683 ipsi

354 1708 493 1790 denique
514 1707 667 1771 aduocati
686 1721 911 1791 aspernentur.
948 1708 1050 1790 igitur
1077 1728 1157 1770 uera
1176 1707 1286 1771 statim
1307 1719 1341 1770 et
1356 1713 1383 1753 ¹⁵

353 1814 540 1897 incorrupta
576 1815 764 1897 eloquentia
799 1816 1048 1891 imbuebantur,
1081 1825 1114 1876 et
1142 1835 1340 1898 quamquam

353 1942 456 1984 unum
479 1935 703 2003 sequerentur,
721 1934 831 1985 tamen
853 1942 966 1985 omnes
988 1921 1134 1984 eiusdem
1153 1922 1269 1986 aetatis
1284 1943 1340 2005 pa·

354 2041 464 2091 tronus
485 2028 521 2090 in
541 2029 689 2112 plurimis
713 2042 746 2092 et
767 2029 872 2093 causis
882 2036 921 2092 ‘et
934 2028 1065 2092 iudiciis
1080 2030 1322 2111 cognoscebant
1328 2052 1338 2102 ;

353 2135 584 2217 habebantque
611 2136 714 2219 ipsius
747 2136 877 2220 populi·
894 2135 1187 2200 diuersissimorum
1213 2135 1340 2198 anuum
1447 2202 1455 2221 s

353 2242 493 2325 copiam,
512 2263 553 2305 ex
572 2263 637 2324 qua
655 2242 751 2306 facile
772 2241 1054 2325 deprehenderent
1068 2242 1148 2325 quid
1163 2242 1203 2305 in
1213 2261 1340 2324 qaoque
1354 2249 1382 2292 2⁰

353 2349 407 2411 uel
424 2349 614 2431 probaretur
629 2350 684 2412 uel
699 2349 895 2432 displiceret.
928 2350 974 2412 ita
988 2370 1048 2412 uec
1063 2360 1251 2433 praeceptor
1266 2350 1339 2412 dee·

353 2466 415 2532 rat,
439 2455 580 2538 optimus
603 2455 735 2538 quidem
758 2465 790 2518 et
811 2455 1036 2535 electissimus,
1060 2456 1117 2538 qui
1137 2456 1253 2520 faciem
1276 2456 1339 2519 elo·

348 2556 505 2644 'quentiae
526 2584 593 2627 non
614 2563 794 2647 imaginem
814 2573 1002 2646 praestaret,
1026 2585 1086 2626 nec
1109 2558 1286 2626 aduersarii
1307 2573 1340 2626 et

354 2669 486 2746 aemuli,
504 2671 588 2733 ferro
608 2691 674 2735 non
696 2669 831 2735 rudibus
853 2668 1044 2734 dimicantes
1054 2694 1064 2744 ;
1082 2671 1128 2734 sic
1143 2669 1340 2735 auditorium

355 2768 482 2860 semper
499 2777 646 2860 plenum,
664 2796 791 2859 semper
805 2797 940 2855 nouum,
959 2798 999 2840 ex
1014 2777 1136 2840 inuidis
1152 2776 1186 2839 ei
1199 2776 1340 2841 fauenti·
1355 2788 1382 2832 2⁵

424 2962 594 3016 bobtinebat
614 2964 713 3027 ODE!
735 2963 939 3018 locucionibus
959 2967 991 3018 D
1017 2968 1022 3029 Ι
1049 2965 1253 3018 Saesuescebat
1269 2967 1298 3019 B
1319 2970 1340 3027 (s

353 3065 422 3102 corr.
437 3066 468 3101 err
478 3049 503 3112 d)
516 3049 597 3113 elta
609 3046 614 3117 Ι
630 3048 769 3117 exciperet
780 3049 934 3103 Bassam:
947 3050 1072 3120 excipere
1084 3051 1224 3106 ABODE
1244 3053 1250 3115 Ι
1270 3054 1286 3103 9
1298 3049 1340 3103 in·

353 3157 472 3204 teresset
485 3150 640 3205 Beklcerus:
659 3150 791 3204 interesse
803 3153 943 3208 ABODE
954 3169 983 3206 se
995 3153 1116 3206 inserere
1131 3152 1250 3206 Orellias
1262 3141 1340 3222 [plia

354 3239 383 3291 B
394 3233 497 3305 praelio
512 3235 641 3306 Opredio
652 3238 683 3291 D
695 3235 782 3306 prelio
793 3239 824 3291 E
836 3240 842 3302 Ι
859 3241 890 3291 10
903 3237 1053 3292 disceret*
1072 3241 1108 3305 B,
1122 3240 1169 3304 sed
1183 3257 1197 3292 r
1208 3244 1258 3293 att
1269 3256 1337 3292 corr.

354 3320 381 3379 b,-
390 3320 445 3374 uid.
454 3321 545 3388 fabae
552 3321 696 3376 discedent
710 3326 715 3388 Ι
730 3327 881 3392 magnusB
891 3327 993 3390 (acen.
1002 3323 1080 3394 eceb
1093 3327 1327 3395 magnosAODE
1335 3326 1339 3394 l

274 3445 276 3450 ·
355 3405 526 3477 multumque
544 3410 572 3462 B
598 3408 603 3478 Ι
626 3410 663 3468 ,14
676 3408 812 3479 exprobat
829 3412 889 3465 DE
906 3412 911 3478 1
934 3412 965 3461 16
977 3408 1217 3479 incorruptaccrr.
1231 3428 1264 3464 ec
1281 3426 1340 3463 cor-

353 3494 471 3561 ruptaB
485 3497 490 3559 Ι
508 3496 539 3547 19
549 3494 647 3563 populi
658 3496 722 3549 etE
732 3495 828 3566 populi
838 3494 880 3560 i(d
889 3498 939 3563 est)
950 3495 1059 3573 Lipsiae
1073 3498 1079 3561 Ι
1095 3498 1124 3547 21
1136 3495 1342 3566 dis[oi]pliceret

261 3623 271 3631 ,
354 3581 383 3633 Β
397 3582 402 3644 Ι
419 3581 451 3631 23
464 3580 639 3650 inmaginem
652 3583 682 3635 D
696 3581 701 3648 Ι
718 3584 750 3634 24
762 3580 878 3635 rudibus
891 3581 924 3634 P.
938 3580 1028 3634 Faber
1038 3587 1154 3636 seneca.
1169 3582 1187 3634 Ι.
1202 3581 1243 3634 ΙΙ
1251 3601 1274 3636 e.
1292 3584 1341 3634 11.-

355 3664 471 3718 eudibus
494 3669 634 3722 ABODE
659 3670 663 3736 Ι
690 3666 728 3720 sic
748 3667 857 3736 scripsi·
876 3666 924 3719 sed
947 3667 1087 3723 ABC'DE
1106 3683 1156 3720 nec
1172 3666 1296 3722 Hessius
1312 3676 1343 3721 et

299 3770 302 3777 ’
355 3751 473 3805 Sabadius
488 3752 492 3821 Ι
508 3755 540 3805 25
554 3769 662 3824 semper
673 3766 777 3806 nouum
795 3768 903 3821 semper
914 3750 1023 3821 plenum
1038 3753 1079 3817 ΟΙ
1093 3751 1206 3806 inuidiis
1218 3754 1249 3808 D
