3168 4758
574 482 872 545 ...33....

229 654 413 717 ‘Canutium
437 665 492 724 aut
514 654 639 719 Attium
657 652 715 715 uel
734 651 871 717 Furnios
895 663 927 714 et
941 648 1095 719 Toranios
1118 649 1211 714 alios·
1313 650 1316 657 ’

207 783 299 844 aque
330 762 384 844 qui
415 761 448 823 in
465 763 576 825 eodem
607 759 837 824 ualitudinario
862 760 955 823 haec
971 779 1042 822 ossa
1072 767 1104 821 et
1129 756 1212 835 hauc

239 870 375 932 maciem
401 870 561 952 produnt:
591 867 662 951 ipse
689 865 770 929 mihi
797 866 936 942 Caluus,
964 886 1037 928 eum
1059 875 1214 927 unumst

201 973 205 979 ’
239 975 355 1058 uiginti
378 985 515 1058 utputo
538 975 636 1038 libros
658 973 835 1056 reliquerit,
859 973 916 1037 uix
938 972 971 1036 in
988 994 1055 1036 uua
1069 971 1213 1035 etaltera

240 1081 439 1146 oratiuncula
462 1081 540 1170 satis
561 1080 648 1145 facit.
688 1102 748 1147 nec
771 1079 940 1143 dissentire
962 1090 1082 1142 ceteros
1099 1078 1215 1143 abhoc

241 1188 447 1252 meoiudicio
463 1188 577 1263 uideo;
594 1200 713 1271 quotus
729 1187 814 1250 enim
831 1186 966 1270 quisque
982 1187 1078 1251 Calui
1092 1187 1127 1251 in
1142 1184 1214 1248 Asi-

199 1313 225 1354 m
241 1297 321 1359 tium
337 1294 441 1359 autin
461 1295 604 1358 Drusum
618 1293 719 1379 legit?
741 1304 774 1374 at
795 1294 904 1358 hercle
926 1295 960 1356 in
983 1292 1127 1357 omnium
1149 1303 1214 1357 atu-

241 1403 403 1467 diosorum
433 1402 586 1465 manibus
616 1414 786 1465 uersantur
821 1400 1041 1465 accusationes
1071 1422 1152 1485 quae
1181 1400 1214 1463 in

240 1511 407 1574 Vatinium
434 1495 672 1585 inscribuntur}
690 1531 727 1573 ac
747 1492 921 1592 praecipue
943 1509 1083 1571 secunda
1104 1529 1144 1571 ex
1165 1508 1216 1571 his

241 1608 360 1691 oratio}
386 1624 434 1678 est
455 1615 541 1679 enirn
562 1615 669 1679 uerbis
692 1627 806 1680 ornata
826 1625 859 1678 et
872 1615 1058 1691 sententiiS,
1083 1616 1215 1679 auribus

240 1722 382 1786 iudicum
398 1708 651 1800 accommodata,
667 1734 705 1786 ut
719 1722 800 1787 scias
814 1725 923 1807 ipsum
933 1744 1061 1806 quoque
1077 1722 1215 1788 Caluum

198 1860 225 1900 15
241 1829 441 1893 intellexisse
458 1829 536 1913 quid
552 1831 667 1895 melius
684 1842 779 1908 essct,
800 1848 860 1893 rrae
875 1830 1077 1896 uoluntatem
1093 1830 1123 1894 ei
1138 1829 1216 1912 quin

241 1936 410 2000 sublimius
440 1948 473 2001 et
499 1938 616 2003 cultius
643 1940 762 2002 diceret
787 1939 843 2002 aed
873 1938 1038 2021 ingenium
1068 1959 1104 2000 ac
1131 1936 1215 2003 uires

242 2044 393 2107 defuisse.
435 2043 531 2127 quid?
555 2067 596 2108 ex
617 2044 779 2109 Caelianis
803 2045 1002 2113 orationibus
1023 2066 1138 2128 nempe
1160 2065 1217 2107 eae

242 2323 258 2370 4
272 2317 419 2371 Canutium
436 2318 601 2372 Gronouius:
621 2318 724 2372 Ganuti
736 2298 924 2373 AGE'sanuti
937 2323 965 2375 B
986 2319 1086 2372 fanuti
1098 2321 1129 2374 D
1151 2317 1177 2383 (i.
1192 2287 1215 2371 a.

242 2404 291 2457 sed
304 2403 388 2469 anuti)
411 2403 512 2457 Canuti
525 2405 558 2473 lp
582 2407 586 2470 Ι
602 2405 710 2459 Attium
722 2405 818 2474 serrari
821 2427 831 2457 :
839 2405 900 2458 Atti
911 2407 1021 2461 ABOD
1044 2404 1108 2459 Acti
1119 2407 1149 2459 E
1164 2405 1217 2457 Ar-

241 2489 312 2553 rium
325 2489 478 2543 Groaoaa'us
488 2490 580 2554 (Arida
594 2490 697 2545 Furnio
705 2499 735 2561 p)
753 2493 758 2560 Ι
773 2491 820 2546 uel
832 2491 950 2546 Furnios
964 2500 992 2544 et
1002 2491 1136 2545 Toranios
1148 2491 1218 2561 Nip-

237 2576 377 2647 perdeias:
401 2575 435 2628 da
456 2575 561 2629 Furnio
584 2584 611 2630 ct
633 2577 749 2631 Coranio
774 2577 899 2644 (Toranio
920 2580 956 2642 Bt
982 2579 1121 2633 ABODE
1147 2577 1217 2631 Fur·

242 2663 354 2717 niumue
373 2661 521 2716 nominabo
544 2662 697 2739 Groraoaa'aa
722 2665 726 2735 Ι
754 2681 804 2717 nec
822 2680 893 2717 unus
914 2665 947 2718 de
972 2664 1087 2734 populo,
1108 2662 1219 2717 Canutii

244 2755 294 2803 aut
305 2747 379 2802 Arrii
398 2755 425 2801 et
443 2747 541 2803 Furnii
559 2756 587 2802 et
599 2749 709 2803 Toranii
723 2779 753 2789 -
774 2751 908 2821 probante
928 2751 986 2819 ipse
1005 2750 1150 2818 Rupertiaa
1169 2767 1219 2802 nec

245 2852 333 2887 unum
352 2835 387 2888 de
405 2833 519 2903 populo,
540 2852 595 2888 non
614 2834 723 2889 Canutii
740 2842 788 2890 aut
805 2835 879 2890 Arrii
898 2836 1099 2890 deformitatem
1117 2853 1218 2889 mamo-

246 2920 313 2974 rabo
331 2920 452 2982 Bistam
479 2922 484 2989 1
511 2920 636 2991 aliosque
653 2922 702 2990 qui
719 2922 828 2992 scripsi.-
848 2923 950 2992 quique
969 2921 1038 2975 alios
1050 2925 1124 2991 ABp
1147 2922 1218 2976 alios

246 3009 297 3061 01>
315 3024 368 3076 que
381 3005 448 3060 alios
460 3010 494 3081 E·
506 3008 608 3077 quique
621 3007 667 3061 alii
679 3007 786 3077 Liparaea
803 3008 905 3078 quique
918 3006 968 3060 alti
980 3008 1114 3062 Muretus.
1135 3025 1218 3077 quoa·

248 3111 300 3164 que
319 3093 387 3151 alios
405 3124 440 3132 —
452 3093 519 3147 baec
539 3093 641 3147 macies
662 3095 780 3162 probant
805 3093 957 3147 Gronour‘aa
982 3098 987 3158 Ι
1014 3094 1154 3147 tmatiam
1171 3098 1217 3163 ΑΙ

248 3179 371 3250 produnt
383 3180 538 3234 Acidaliae:
550 3181 670 3250 probant
680 3181 819 3236 ABGDE
829 3181 961 3250 praebent
972 3180 1092 3234 Rittems
1106 3185 1112 3246 Ι
1128 3180 1217 3234 rXX·

245 3271 273 3322 B
289 3271 292 3331 Ι
309 3269 324 3318 8
338 3289 387 3312 m
401 3265 467 3318 satis
481 3269 509 3323 B
523 3265 621 3334 [faiam
633 3267 737 3320 amtor
748 3271 806 3326 nael
824 3269 829 3334 Ι
856 3271 871 3319 9
885 3266 965 3321 Calui
982 3266 1035 3320 ista
1046 3267 1075 3319 ln
1087 3267 1220 3321 Sabaitis·

243 3353 320 3422 9tas‚·
339 3352 480 3405 Brotera'us
497 3354 686 3410 accusationes
704 3372 718 3405 a
735 3372 761 3406 a.
779 3355 806 3406 11
823 3353 874 3406 aua
886 3353 1024 3407 transtulit
1038 3357 1044 3418 Ι
1058 3352 1180 3407 Ariciam
1191 3357 1222 3409 Β

245 3439 373 3493 Asinium
385 3436 514 3507 Lanuuii
538 3442 567 3490 10
581 3438 693 3494 hercule
708 3440 787 3494 ODE
805 3442 810 3507 1
831 3438 1119 3492 οωιιίυωΑοίάαἰίαοε
1132 3438 1220 3509 homi·

245 3543 312 3578 num
325 3525 464 3579 ABODE
482 3525 487 3594 Ι
512 3527 542 3576 12
555 3525 880 3595 inscribuntur-Lepsios.-
893 3524 1050 3578 scribuntur
1064 3527 1088 3580 O
1102 3526 1220 3580 consori-

246 3611 351 3664 buntur
362 3613 496 3682 ABDE]
509 3610 542 3665 iis
555 3614 584 3669 B
607 3611 613 3681 Ι
640 3615 672 3664 14
685 3612 860 3667 accomodata
871 3615 900 3667 B
914 3614 919 3679 1
937 3614 967 3662 15
981 3611 1048 3681 quin
1064 3615 1123 3672 tom.
1138 3613 1170 3675 eil
1181 3631 1219 3682 p.-

231 3723 234 3730 ·
248 3697 448 3764 qquBODE
458 3714 512 3766 quo
525 3697 783 3757 minusHalmias*
798 3698 802 3768 Ι
822 3704 850 3750 lb
864 3697 1003 3752 sullimius
1016 3701 1044 3753 B
1059 3698 1063 3768 l
1079 3702 1118 3765 ac]
1134 3707 1162 3752 et
1173 3700 1218 3760 ΕΙ

252 3785 281 3833 17
296 3782 430 3836 Coelianis
443 3786 470 3837 B
489 3781 618 3837 Gallionis
632 3786 663 3839 D
677 3783 682 3855 l
697 3789 753 3852 eae]
769 3802 803 3838 ex
814 3786 845 3839 D

1050 3889 1064 3938 3
