3168 4758
569 522 735 583 ..ΙΙ
782 553 869 565 .-

225 692 358 797 ueniet}
373 678 709 780 statuarfiueltumulo
728 712 796 755 non
817 701 961 755 maestus
981 701 1016 753 et
1036 698 1129 753 atrox
1150 690 1207 752 secl

182 818 210 861 at
225 800 337 867 hilaris
359 812 393 865 et
412 811 595 876 coronatus,
613 810 647 862 et
660 819 719 882 pro
733 799 890 863 memoria
904 797 1046 861 meincc
1061 796 1209 862 consulat

226 907 395 992 quisquam
410 929 471 972 nec
485 898 602 992 roget.³

289 1016 428 1080 uixdum
447 1015 576 1078 finierat
594 1013 775 1089 Maternus,
793 1012 972 1077 concitatus
994 1024 1027 1077 ct
1046 1013 1138 1077 uelut
1157 1013 1208 1075 in·
1220 1013 1261 1075 14

223 1123 375 1201 stinctus,
392 1144 466 1186 cum
479 1121 659 1206 Vipstanus
672 1119 826 1184 Messalla
842 1102 1030 1184 cubiculum
1047 1117 1142 1204 [cius]
1159 1119 1209 1183 in·

225 1251 354 1314 gressus
374 1241 434 1307 est,
450 1229 695 1313 suspicatusque
716 1248 757 1291 cx
777 1226 850 1311 ipsa
864 1226 1047 1291 intentione
1061 1227 1209 1311 singulo·

225 1358 298 1400 rum
323 1337 471 1401 altiorem
495 1336 580 1399 inter
606 1356 661 1399 eos
686 1348 756 1399 etse
780 1355 961 1399 sermonem
979 1327 1073 1397 ‘num
1093 1354 1209 1418 parum

197 1437 447 1528 stampcstiuus'
467 1444 576 1527 inquit
592 1437 769 1506 ‘interueni
795 1423 957 1519 sacratum
984 1400 1229 1505 wnsihumll.

224 1573 343 1617 causae
358 1551 492 1615 alicuius
507 1550 753 1614 meditationem
768 1540 1017 1613 tractantibusl'

223 1763 344 1826 uellem
365 1764 523 1829 maturius
545 1764 795 1839 interuenisse„
812 1762 1005 1828 delectasset
1026 1762 1114 1826 cuim
1129 1774 1160 1825 te
1175 1772 1210 1824 et

152 1872 155 1881 '
224 1870 312 1953 Apri·
326 1871 429 1935 nostri
449 1871 710 1936 accuratissimus
731 1892 857 1948 sermo,¹
870 1892 945 1934 cum
964 1870 1150 1934 Maternum
1171 1880 1209 1932 ut

183 2006 209 2048 ro
224 1996 320 2047 omne
337 1966 509 2061 'ingenium'
529 2000 568 2042 ao
589 1978 734 2044 studium
755 1999 851 2042 suum
870 1979 913 2041 ad
935 1999 1047 2043 camus
1064 1976 1209 2060 agendas

176 2085 184 2106 '
224 2096 429 2150 conuerteret
440 2086 634 2150 'exhortatus
656 2095 716 2162 cst,
734 2096 766 2148 ct
779 2084 923 2149 Materni
936 2106 995 2169 pro
1010 2083 1207 2148 carminibus

223 2193 290 2256 suis
312 2192 398 2275 laeta
418 2202 518 2275 utque
536 2205 647 2276 poetas
669 2191 802 2256 defendi
826 2193 961 2256 decebat
982 2170 1154 2322 efficatior
1175 2202 1209 2254 et

224 2309 393 2383 poetarum
408 2321 505 2383 quam
520 2312 683 2365 oratorum
698 2298 835 2364 similior
849 2292 975 2364 oratio'

285 2398 350 2469 ‘me
372 2398 460 2470 uaro'
481 2408 590 2491 inquit
608 2401 655 2471 ‘et
677 2428 781 2472 sermo
807 2407 868 2474 iste
891 2396 1021 2470 infinita
1038 2406 1208 2489 uoluptate

181 2534 208 2576 15
224 2513 393 2590 affecisset,
405 2524 501 2609 atquc
516 2514 551 2578 id
562 2514 671 2599 ipsum
682 2516 823 2580 delectat
840 2516 927 2599 quod
938 2537 1010 2593 uos,
1020 2514 1083 2578 uiri
1094 2511 1208 2597 optimi

224 2841 257 2891 29
269 2838 363 2893 ueniet
375 2839 424 2910 tp:
438 2839 533 2893 ueniat
544 2841 682 2895 ABODE
689 2841 798 2895 uenerit
806 2839 949 2895 Eraaatiur
963 2841 968 2906 Ι
984 2845 1146 2910 statuatque
1157 2841 1188 2893 D
1201 2839 1206 2907 Ι

223 2931 349 2978 moestus
360 2926 432 2991 ΒΟΙ
447 2927 480 2977 30
493 2925 596 2996 hylaris
607 2928 637 2981 D
652 2930 657 2995 Ι
672 2927 726 2981 mei
738 2928 874 2982 AbCDE:
893 2929 994 2986 mca,B
1008 2928 1014 2993 Ι
1029 2925 1122 2980 soluat
1134 2925 1208 2995 quis·

224 3026 307 3080 quam
319 3013 349 3066 D

294 3088 315 3149 l'
321 3096 438 3151 stinctus
454 3099 478 3153 0
488 3099 493 3163 Ι
515 3099 531 3150 2
543 3115 606 3152 cum
617 3100 659 3153 Ee
677 3107 736 3153 tum
747 3101 856 3156 ABUD
870 3103 876 3167 Ι
889 3099 1039 3168 Vipstanus
1055 3100 1084 3154 0.
1098 3102 1132 3154 Α.
1146 3098 1207 3150 Ru·

217 3189 313 3253 pertua
325 3184 354 3236 iu
366 3181 489 3238 Rciaact‘i
498 3184 615 3254 epistolis
627 3185 665 3238 ad.
682 3204 708 3239 a.
725 3188 791 3240 1660
800 3205 829 3256 p.
839 3188 890 3238 tta
898 3207 908 3237 .·
921 3185 1057 3240 Vibanius
1069 3187 1156 3241 ΑΒΕ
1163 3183 1209 3238 Li·

224 3268 322 3324 banius
341 3271 369 3325 B
381 3269 520 3324 Vthanius
541 3272 565 3325 0
578 3271 708 3326 Vrbanus
726 3271 759 3342 lp
775 3271 924 3343 Vipsanius
942 3271 1052 3342 Lipsius
1067 3273 1072 3338 Ι
1087 3269 1209 3326 Messala

223 3357 305 3411 BGE
324 3354 443 3409 Mcsalla
454 3357 483 3409 D
498 3358 503 3419 Ι
519 3355 578 3411 eius
596 3357 646 3411 del.
660 3357 802 3413 Ernestius
817 3362 822 3425 Ι
837 3357 996 3428 ingruessus
1012 3360 1052 3425 ΟΙ
1067 3359 1082 3409 3
1097 3364 1140 3410 est
1157 3357 1205 3410 dcl.

223 3441 361 3496 Acidaliae
371 3441 376 3511 Ι
388 3445 403 3494 5
413 3445 449 3509 et]
461 3441 506 3495 uel
514 3442 666 3499 Halmius*
677 3447 683 3516 Ι
695 3447 710 3498 6
720 3444 882 3499 tractatibus
891 3446 922 3499 D
932 3444 937 3514 Ι
948 3449 962 3498 7
972 3447 1086 3500 alteram
1098 3443 1210 3497 minima

222 3545 274 3580 ora.
287 3529 360 3595 ΑΕΙ
375 3528 493 3581 8uelem
502 3530 532 3582 D
546 3532 552 3596 Ι
569 3532 598 3582 11
614 3529 775 3585 exhortatus
782 3550 820 3602 p:
834 3538 863 3585 et
874 3531 998 3585 hortatus
1007 3532 1152 3588 AODEet
1164 3546 1207 3582 or·
1318 3554 1323 3559 ·

223 3620 299 3667 tatus
311 3616 340 3681 B
351 3631 386 3667 cx
399 3623 505 3668 ortatus
518 3615 533 3667 b
547 3616 553 3682 Ι
570 3618 602 3668 12
612 3616 746 3687 utlri]que
757 3621 783 3672 Α
796 3614 892 3689 ut’quc
904 3618 935 3671 D
948 3618 953 3682 Ι
969 3615 1080 3671 defendi
1092 3635 1143 3670 om.
1157 3618 1188 3671 D
1202 3619 1206 3685 Ι

223 3712 341 3801 dicebat
360 3748 384 3802 Ο
397 3706 515 3802 (locabat
525 3750 556 3803 E
567 3750 681 3818 [poetas]
697 3748 812 3802 decebat
830 3751 876 3816 ΑΙ
893 3751 925 3802 13
943 3749 1021 3804 sillor
1032 3752 1063 3805 D
1076 3753 1082 3818 Ι
1099 3754 1130 3804 14
1144 3767 1209 3804 uere

224 3833 333 3887 AODE
350 3835 356 3899 Ι
371 3840 400 3887 et
411 3833 462 3887 del.
476 3833 627 3888 Halmius*
645 3837 651 3901 Ι
664 3833 717 3889 iste
729 3834 896 3889 Halmius*.·
909 3833 968 3905 ipse
980 3834 1118 3893 ABODE
