3168 4758
724 537 1003 597 ...5-

84 766 111 781 ,,
260 746 323 771 t
377 709 464 792 apud
481 728 555 771 eum
570 727 715 790 arguam,
730 706 816 789 quod
831 716 927 770 natus
942 708 984 771 ad
997 707 1217 790 eloquentiam
1231 708 1412 771 uirilemrs.

378 814 609 890 moratoriam,
632 834 697 896 qua
711 835 822 896 parere
845 814 943 877 simul
962 808 994 876 et
1015 815 1100 878 tueri
1114 814 1285 891 amicitias,
1302 815 1359 877 ad·

380 921 517 985 sciscere
539 919 816 995 necessitudines,
838 921 1012 1004 complecti
1033 921 1219 1004 prouincias
1241 921 1357 1005 possit,

380 1028 502 1093 omittit
523 1027 668 1091 studium
692 1048 755 1109 quo
776 1048 844 1090 non
868 1028 957 1090 aliud
977 1029 1012 1090 io
1034 1028 1166 1092 ciuitate
1182 1039 1291 1090 nostra
1306 1027 1361 1090 uel

380 1137 422 1200 ad
437 1135 613 1202 utilitatem
627 1132 826 1199 fructuosius
841 1135 896 1197 uel
907 1136 953 1198 ad
964 1135 1153 1217 complerem
1167 1135 1233 1170 *⁴⁸*
1247 1134 1303 1197 uel
1318 1135 1362 1197 tul

363 1282 366 1297 ι
381 1242 575 1326 dignitatern
589 1242 729 1326 amplius
748 1243 803 1305 uel
824 1242 867 1305 acl
882 1223 976 1305 urbis·
987 1241 1106 1305 famam
1121 1241 1290 1326 pulchrius
1302 1243 1360 1307 uel
1377 1268 1408 1311 ro

381 1351 424 1415 ad
452 1349 553 1413 totius
583 1350 711 1432 imperii
736 1360 833 1433 atque
863 1350 1009 1413 omnium
1038 1349 1186 1431 gentium
1209 1350 1362 1414 notitiam

73 1481 82 1523 η
92 1518 103 1529 ,,
126 1479 166 1523 ν
180 1466 217 1519 t·
246 1480 277 1513 tt·
315 1498 322 1507 =
341 1515 343 1518 ⁴
380 1456 538 1521 illustrius
554 1456 732 1538 excogitari
747 1456 873 1542 potasti
891 1479 967 1520 nam
981 1457 1010 1520 si
1026 1458 1068 1520 ud
1084 1444 1260 1521 utilitatem
1274 1456 1362 1521 uitae

148 1556 222 1654 ’Ὗ
235 1549 359 1663 'stri
382 1565 491 1628 omnia
512 1564 650 1628 consilia
671 1563 819 1645 factaque
841 1563 1145 1646 nostradirigenda
1169 1575 1258 1640 sunt,
1282 1563 1362 1647 quid

86 1660 116 1701 '⁹‘
138 1658 338 1763 ’ζ’[ΪζἾΜ
382 1682 431 1735 est
454 1672 553 1735 tutius
576 1693 674 1753 quam
689 1692 761 1734 ¹eum
777 1691 924 1735 exercere
940 1683 1055 1748 artem,
1079 1692 1144 1754 qua
1165 1692 1293 1755 semper
1315 1693 1362 1735 ar·

136 1762 162 1843 ,l
188 1806 217 1861 „t
250 1803 258 1819 ²
284 1791 314 1841 nt
382 1789 486 1844 matus
501 1777 701 1860 praesidium
716 1778 839 1855 amicis,
863 1799 958 1862 opem
971 1778 1100 1854 alienis,
1125 1779 1263 1842 salutem
1280 1779 1363 1862 peri·
1379 1794 1406 1836 2⁵
1433 1786 1435 1789 ’

5 1870 80 1973 “fs
91 1867 109 1983 s
195 1892 219 1972 ‚f
233 1882 268 1939 ἀ’
294 1870 370 1919 *¹²¹¹
382 1886 583 1962 clitaotibus,
597 1885 719 1949 inuidis
731 1907 808 1948 uero
821 1896 853 1948 et
865 1886 1004 1950 inimicis
1020 1898 1145 1949 metum
1162 1896 1194 1949 et
1209 1897 1363 1950 terrorem

300 2056 327 2083 .›.
383 1992 468 2055 ultro
494 1991 594 2069 ferat,
622 1993 691 2075 ipse
718 2014 850 2056 securus
877 2004 910 2056 et
931 1993 1024 2056 uelut
1046 1993 1187 2074 quadam
1207 1968 1380 2076 perpetua

60 2081 133 2177 ἣν
152 2079 531 2197 'ct1‚'„.·.‚s4[{„.3„p0tentia
550 2121 587 2163 ac
609 2110 771 2181 potestate
795 2099 960 2163 munitus?
982 2100 1074 2163 cuius
1106 2100 1156 2164 uis
1180 2111 1213 2163 et
1241 2099 1364 2163 utilitas
1409 2124 1487 2185 ps..

322 2190 325 2210 ,

384 2206 480 2269 rebus
502 2227 654 2290 prospere
675 2206 853 2270 fluentibus
876 2207 1013 2270 aliorum
1034 2206 1184 2290 perfugio
1208 2219 1241 2270 et
1262 2207 1365 2270 tutela
1391 2192 1394 2199 ¹

385 2312 600 2395 intellegitur3
631 2314 682 2375 sin
703 2315 870 2398 proprium
891 2313 1072 2397 periculum
1093 2314 1275 2397 increpuit,
1299 2336 1367 2379 non
1383 2335 1410 2377 ao

313 2500 319 2509 ι
385 2418 516 2483 hercule
533 2419 632 2484 lorica
654 2432 686 2484 et
699 2422 829 2504 gladius
850 2420 885 2483 in
901 2421 970 2484 acie
985 2420 1109 2484 firmius
1124 2422 1365 2484 munimentum

385 2547 485 2608 quam
500 2546 554 2591 reo
575 2538 608 2589 et
629 2528 826 2610 periclitanti
848 2527 1255 2632 eloquentia5praesidium
1269 2527 1367 2590 simul

388 2654 424 2696 ao
440 2634 554 2712 telum,
579 2652 644 2716 quo
666 2656 870 2718 propugnare
887 2635 1008 2719 pariter
1023 2647 1055 2697 et
1069 2635 1230 2698 incessere
1246 2637 1315 2698 siue
1330 2634 1366 2697 in

280 2804 282 2809 '
386 2804 591 2873 ipsnmbllo
607 2823 669 2858 eum
686 2804 841 2875 Spenpelr‘us
857 2824 884 2876 p.
904 2808 950 2859 to:
974 2823 1020 2859 eos
1037 2806 1150 2859 ABCE
1166 2805 1242 2876 ipsos
1261 2804 1291 2857 D
1315 2821 1367 2858 uos
1431 2840 1433 2845 »

386 2889 497 2960 Lipsius
509 2898 537 2944 tc
550 2909 583 2945 eo
596 2891 721 2965 Muretus
736 2898 772 2944 ,te
788 2907 933 2961 coarguam
952 2891 1179 2945 Weissenbornius
1192 2910 1258 2945 neue
1269 2890 1365 2944 Jahrb.

380 2976 436 3045 sehr
454 2975 663 3029 PhilolsXXX
673 2995 702 3046 p.
719 2979 752 3029 64
773 2980 832 3043 {lh
845 2994 916 3046 quae
928 2977 983 3030 Bo
1002 2979 1006 3046 Ι
1028 2978 1176 3032 assciscere
1191 2978 1219 3029 B
1236 2976 1368 3030 asciscere

392 3060 442 3114 OE
458 3075 461 3117 Ι
480 3066 509 3114 17
523 3062 701 3116 necessitates
713 3063 768 3116 ΑΒ
784 3062 912 3117 nationes
926 3064 941 3114 b
956 3072 962 3129 Ι
975 3064 1111 3135 conplecti
1123 3065 1139 3098 *
1155 3062 1308 3133 prouintias
1319 3063 1350 3115 D
1364 3061 1368 3130 l

390 3150 422 3201 18
446 3147 550 3201 omittit
570 3148 734 3204 Rhenanus:
756 3148 842 3202 emitti
864 3149 1006 3204 ABODE
1028 3149 1166 3219 amittitp
1187 3152 1192 3216 Ι
1213 3155 1307 3203 nestra
1329 3146 1352 3199 0
1364 3146 1367 3216 l

392 3237 422 3288 19
437 3234 483 3288 uel
495 3235 529 3290 ad
543 3235 717 3304 uoluptatem
729 3236 875 3289 honestius
888 3235 940 3288 ins.
955 3236 1141 3305 Schultrhpius
1158 3234 1315 3301 (iucundius
1327 3232 1371 3284 uel

391 3320 504 3373 suauius
515 3320 654 3374 Glareanus
666 3321 723 3373 Eos
735 3321 756 3374 I
762 3340 791 3390 p.
803 3325 845 3389 to,
859 3321 969 3376 dulcius
982 3321 1112 3385 Rittcrus)
1131 3324 1135 3390 Ι
1152 3324 1184 3374 20
1197 3319 1319 3392 pulcrius
1330 3318 1368 3380 B,

390 3425 442 3460 om.
457 3407 487 3459 D
501 3408 505 3474 Ι
521 3409 549 3459 21
567 3406 673 3476 imperii
689 3408 804 3474 [famem]
818 3416 901 3477 atque
915 3408 945 3460 D
965 3407 970 3477 Ι
992 3410 1024 3461 22
1037 3407 1126 3478 possit
1138 3406 1168 3458 D
1186 3408 1192 3476 Ι
1215 3405 1371 3475 relataque

392 3490 475 3546 Aen
489 3497 494 3558 Ι
509 3509 560 3564 per
570 3501 666 3547 nostra
678 3492 734 3546 Ae
748 3532 751 3552 ,
768 3497 800 3546 24
815 3493 911 3547 utilius
924 3494 1063 3547 Acidaliae
1087 3495 1091 3561 Ι
1113 3497 1143 3546 27
1158 3493 1230 3546 feras
1244 3491 1351 3560 lipsius
1365 3489 1369 3559 Ι

392 3577 511 3646 quadam
523 3580 602 3634 uelut
617 3579 641 3633 B
662 3583 667 3647 l
689 3580 722 3631 29
736 3578 862 3649 profugio
876 3580 931 3633 ΑΒ
948 3578 1087 3650 praesidio
1101 3579 1115 3632 b
1136 3578 1140 3647 Ι
1161 3583 1193 3632 30
1207 3575 1372 3646 intelligitur

390 3664 531 3717 ABCDE
553 3672 557 3728 Ι
577 3665 743 3736 increpuerit
755 3665 784 3718 D
807 3665 938 3735 irrepatb
958 3671 962 3730 Ι
985 3667 1015 3717 31
1035 3666 1146 3737 hercule
1159 3666 1189 3718 D
1214 3668 1219 3731 Ι
1247 3661 1332 3715 lorica
1344 3670 1373 3715 et

391 3749 548 3803 &clodium
568 3751 670 3806 loricae
690 3751 714 3804 C
736 3750 820 3816 lorice
838 3753 894 3804 AB
916 3751 999 3816 lorice
1019 3754 1049 3806 D
1072 3752 1156 3806 lorice
1174 3752 1203 3804 Ε
1222 3750 1308 3804 lorica
1325 3754 1374 3802 aut

298 3878 301 3884 .
391 3835 558 3901 Rhenanus!
574 3837 774 3892 monimentum
785 3838 815 3890 D
830 3842 834 3907 Ι
857 3841 889 3890 32
902 3847 931 3892 et
942 3837 992 3890 del.
1007 3837 1144 3905 Acidaliup
1164 3840 1168 3905 l
1191 3841 1222 3889 33
1237 3837 1296 3889 siue
1308 3836 1374 3887 Ma
