3168 4758
690 555 772 566 --
819 537 892 580 xxti
938 553 1020 562 ····-
1095 566 1108 580 x

370 696 401 740 lo
473 695 564 759 llomoe
581 692 621 741 die
640 693 670 738 lt
684 704 718 740 m.
736 691 809 741 Febr.
824 703 848 738 o.
867 691 933 739 itas
956 691 1043 749 (immo
1058 689 1143 743 ltili).
1256 700 1353 736 mona-

370 778 437 828 chus
451 777 647 827 Hersleldensis
666 776 742 826 uenit
759 776 863 838 absque
884 773 953 824 libro
973 774 1147 837 multumque
1165 778 1207 824 est
1227 787 1241 822 a
1256 786 1297 821 me
1311 774 1353 822 in·

370 865 498 928 crepatus
519 862 553 911 ob
571 875 632 912 eam
651 874 773 911 causam.
806 863 977 912 asseuerauit
997 872 1026 910 se
1043 859 1097 910 cito
1112 856 1264 910 rediturum
1282 860 1353 921 (uam

370 949 454 1012 litigat
476 949 584 998 nomine
606 946 772 1009 monosterii)
798 949 825 996 et
847 948 1017 1011 portaturum
1038 945 1147 996 librum.
1180 944 1286 1008 rogauit
1308 957 1354 994 me

291 1057 294 1061 ⁷
359 1035 470 1085 ,multa:
487 1034 542 1082 diri
557 1048 599 1083 me
612 1034 648 1084 uil
662 1033 797 1084 iacturum
811 1034 862 1083 nisi
877 1032 976 1083 librum
991 1032 1167 1083 haberemus.
1198 1032 1259 1082 ideo
1273 1043 1352 1095 spero

370 1127 396 1170 et
409 1120 484 1169 illum
498 1132 548 1170 nos
561 1119 711 1180 habituros,
727 1120 795 1184 quia
804 1122 864 1182 egel
876 1119 971 1170 fauore
983 1122 1084 1169 nostro.
1107 1121 1142 1182 tp.
1158 1120 1228 1181 268.)

439 1379 556 1440 Epistula
568 1379 669 1430 Niceloi
685 1380 744 1457 Vll.
760 1380 794 1429 Μ.
810 1380 844 1427 ad
856 1378 1016 1427 remulcum
1029 1377 1265 1428 Erlichsliusensam
1284 1377 1355 1425 ordi-

290 1506 293 1512 .
370 1468 410 1516 nis
427 1466 556 1515 Teutonici
569 1469 724 1528 mapistrum
741 1465 801 1514 dolo
824 1466 896 1529 (coris.
919 1465 1053 1528 Vciptium,
1076 1463 1299 1525 Wiederielrbuap
1312 1462 1355 1510 des

371 1552 521 1601 desciscitis
532 1552 687 1602 Altcrtltnms
695 1564 723 1613 p.
740 1550 811 1611 364).

443 1655 542 1705 Dilecto
555 1653 602 1704 lili.
623 1655 740 1704 salutem
754 1657 781 1703 et
794 1652 971 1717 apostolicam
987 1648 1213 1702 benedictionem.
1241 1652 1293 1701 iam
1307 1651 1354 1699 diu

373 1739 547 1790 decredimus
561 1743 644 1803 atque
656 1739 690 1791 od
703 1740 730 1789 id
744 1739 817 1788 omni
830 1738 919 1789 studio
933 1752 1046 1807 operam
1060 1739 1158 1804 damus
1171 1742 1203 1787 ut
1214 1750 1263 1801 pro
1277 1750 1354 1786 com-

374 1828 448 1876 muni
470 1828 592 1875 uirorum
612 1825 756 1876 doctorum
776 1824 892 1875 comodo
913 1824 1062 1875 habeamus
1082 1824 1213 1873 librorum
1233 1824 1354 1872 omnium

374 1916 431 1962 tum
446 1906 601 1963 Latinorum
614 1914 671 1962 tum
685 1912 833 1961 Grecorum
848 1910 1038 1960 bibliothecam
1049 1905 1074 1961 'c
1088 1910 1248 1960 ndecenlem
1263 1909 1355 1973 ponti-

306 2045 317 2055 ,
374 1997 431 2047 ficis
446 2003 477 2047 et
497 1999 569 2048 sedis
589 1998 736 2061 apostolice
755 1997 887 2059 dignitati,
910 2002 936 2047 et
956 1999 1009 2047 iam
1023 2010 1055 2045 ex
1069 1998 1101 2047 iis
1115 1998 1160 2059 qui
1182 1996 1355 2059 reperiuntur

375 2086 462 2134 omnis
477 2085 583 2146 generis
597 2085 763 2148 scriptorum
778 2087 907 2134 maiorem
926 2088 1030 2148 partem
1045 2083 1189 2133 habemus
1223 2081 1270 2132 sed
1293 2094 1355 2130 cum

368 2171 453 2220 multi
467 2165 575 2222 libri'er
588 2171 706 2234 antiquis
720 2171 847 2221 deficiant
860 2171 906 2233 qui
921 2170 1002 2233 culpa
1015 2171 1188 2235 superiorum
1202 2171 1357 2231 temporum

332 2290 342 2309 4
375 2261 440 2307 suut
453 2257 594 2322 deperditi,
608 2258 641 2308 ad
656 2258 848 2322 inquirendum
862 2261 889 2305 et
902 2242 1155 2306 transscribendum
1175 2257 1197 2305 si
1216 2254 1356 2318 reperian-

375 2346 419 2393 tur
432 2345 567 2394 eiusmodi
582 2344 667 2393 libros
681 2344 815 2392 mittimus
828 2342 958 2392 dilectum
978 2341 1061 2391 filium
1076 2324 1165 2391 Enoch
1181 2340 1353 2399 Esculanum,

375 2431 467 2479 uirum
481 2431 591 2480 doctum
606 2431 697 2481 Grecis
710 2431 736 2480 et
750 2418 851 2478 Latinis
866 2429 972 2488 litteris,
988 2428 1148 2478 familiarem
1165 2433 1296 2485 nostrum,
1310 2426 1356 2488 qui

376 2515 484 2567 diuersa
503 2517 562 2566 loca
580 2520 607 2566 et
626 2517 793 2567 monasteria
813 2516 940 2578 inquirat,
963 2518 985 2564 si
999 2516 1061 2578 quis
1075 2526 1108 2562 ex
1127 2513 1193 2576 ipsis
1206 2510 1357 2576 deperditis
1421 2547 1424 2551 .

376 2603 448 2667 apud
463 2615 513 2652 uos
527 2603 604 2652 libris
615 2603 792 2666 reperiretur.
826 2600 927 2650 idcirco
948 2601 1034 2653 nostri
1049 2599 1277 2664 contemplatione
1289 2596 1359 2646 uelis

377 2701 472 2739 omnes
492 2690 531 2739 tui
551 2689 680 2739 territorii
703 2687 788 2737 libros
801 2681 853 2737 'sibi
868 2685 1019 2748 ostendere,
1034 2688 1161 2749 antiquos
1174 2685 1318 2749 presertim
1332 2686 1359 2732 et
1410 2727 1417 2739 ,

376 2776 466 2840 prisce
486 2776 629 2838 scripture,
652 2778 679 2824 et
699 2773 779 2824 simul
801 2774 956 2838 permittere
975 2776 1004 2822 ut
1017 2775 1103 2823 intuo
1123 2771 1262 2821 territorio
1276 2768 1356 2819 scribi

378 2863 464 2926 possit
477 2862 603 2924 expensis
617 2862 725 2911 nostris.
758 2859 887 2909 nolumus
906 2860 977 2909 enim
992 2861 1021 2908 ut
1034 2859 1131 2923 aliquis
1145 2857 1214 2907 liber
1228 2856 1359 2919 surripia-

365 2953 422 2997 tur
436 2948 483 2997 sed
506 2945 693 2996 tantummodo
714 2950 744 2995 ut
763 2944 810 2995 liat
829 2947 908 3009 copia
927 2943 1134 3005 transcribendi,
1158 2950 1244 3007 super
1259 2941 1358 3006 qulbus

377 3035 435 3097 ipse
449 3033 542 3083 Enoch
556 3037 645 3082 lecum
661 3033 789 3095 loquetur
801 3031 882 3082 latius
896 3046 929 3082 ex
945 3034 1022 3095 parte
1033 3033 1136 3081 nostra.
1168 3030 1263 3079 datum
1278 3031 1358 3078 Rome

287 3114 288 3117 ’
378 3119 448 3184 apud
468 3123 593 3170 sanctum
615 3120 723 3169 Petrum
742 3117 893 3168 suhanulo
917 3118 1062 3189 piscatoris
1079 3117 1123 3165 die
1143 3117 1238 3166 ultima
1259 3117 1359 3166 mensis
1450 3182 1452 3185 v

376 3206 477 3271 Aprilis
496 3203 672 3270 pontificatus
692 3193 777 3254 nostri
796 3216 867 3253 anno
880 3206 977 3268 quinto
989 3206 1039 3253 etc.
1055 3217 1080 3252 a,
1096 3203 1124 3254 C.
1142 3205 1218 3253 list.
1249 3202 1359 3264 insuper

278 3318 281 3329 =
378 3293 440 3355 quia
454 3291 489 3340 ad
502 3291 624 3342 diuersas
638 3291 732 3341 mundi
745 3293 837 3355 partes
847 3293 938 3355 iturus
952 3293 1002 3351 est,
1015 3290 1192 3339 hortamurte
1205 3292 1234 3338 ut
1248 3287 1358 3336 inomni

379 3375 427 3427 sua
442 3378 602 3428 necessitate
616 3379 701 3427 nostri
715 3377 943 3441 contemplatione
957 3375 1009 3426 sibi
1022 3376 1178 3426 subuenias.
1189 3400 1222 3410 —
1234 3375 1356 3436 Poggius.

764 3596 972 3611 ——t—fi-———
