3168 4758
721 543 1105 628 -42--,

384 723 460 797 toga
479 712 613 776 induere
634 734 731 797 quam
753 712 871 776 fucatis
894 724 927 776 et
948 712 1137 776 meretriciis
1152 711 1295 776 uestibus
1309 713 1361 775 iu·

383 818 512 903 signire.
549 841 654 902 neque
680 821 768 882 enim
791 821 948 884 oratorius
970 819 1044 897 istc,
1067 819 1168 882 imme
1187 819 1295 883 hercle
1317 841 1360 883 ue

383 911 490 990 uirilis
517 926 649 1009 quidem
679 925 785 991 cultus
815 938 880 1004 est,
914 949 978 1010 quo
1006 925 1150 1011 plerique
1180 936 1360 1010 temporum

383 1026 565 1099 nostrorum
581 1044 705 1097 actores
719 1033 763 1097 ita
778 1046 926 1110 utuntur,
943 1044 979 1097 ut
994 1033 1127 1097 lasciuia
1141 1016 1316 1097 uerborum
1328 1045 1361 1097 et

383 1140 516 1204 leuitate
531 1139 766 1204 sententiarum
782 1152 815 1204 et
829 1140 962 1206 licentia
975 1139 1218 1224 compositionis
1235 1124 1404 1206 histrio-,io

386 1248 475 1313 nales
491 1249 604 1312 medos
620 1248 813 1331 exprimant.
854 1249 1005 1331 quodque
1026 1248 1083 1311 uix
1098 1248 1212 1312 auditu
1228 1247 1277 1312 fas
1292 1270 1362 1312 esse

385 1356 521 1433 debeat,
554 1355 658 1418 laudis
689 1366 721 1417 et
750 1353 872 1438 gloriae
902 1370 934 1418 et
963 1354 1089 1440 ingenii
1118 1356 1190 1418 loco
1216 1354 1361 1438 plerique

384 1462 506 1525 iactant
529 1463 652 1527 cantari
679 1462 852 1545 saltarique
879 1462 1122 1526 commentarios
1150 1483 1242 1538 su0s3
1272 1464 1362 1527 unde

383 1569 567 1657 oritur-illa
592 1569 689 1632 foeda
715 1580 747 1631 et
769 1581 974 1653 praepostera
997 1568 1054 1632 sed
1081 1580 1189 1633 tamen
1210 1569 1362 1653 frequens

384 1678 469 1740 sieut
493 1676 580 1740 scitis
602 1676 749 1740 clausula
771 1690 803 1738 et
826 1676 1030 1753 exclamatio,
1053 1687 1089 1740 ut
1105 1688 1245 1741 oratores
1260 1675 1362 1741 nostri
1378 1692 1404 1733 15

384 1795 493 1847 tenere
509 1784 626 1860 dicere,
645 1782 816 1847 histriones
832 1783 949 1846 diserte
964 1784 1081 1848 saltere
1097 1784 1255 1848 dicantur.
1274 1784 1362 1867 equi·

385 1891 459 1954 dem
481 1912 547 1953 non
568 1891 756 1974 negauerim
773 1889 920 1955 Cassium
942 1891 1112 1967 Seuerum,
1137 1913 1233 1974 quem
1257 1891 1361 1955 solum

384 1996 472 2082 Aper
486 1997 778 2068 nosternominare
795 2019 892 2062 ausus
907 2008 967 2075 est,
992 1998 1020 2062 si
1035 1997 1074 2062 iis
1090 2009 1293 2082 comparetur
1307 1998 1362 2082 qui

384 2120 496 2189 postea
512 2105 655 2183 fuerunt,
681 2127 774 2189 posse
795 2117 955 2169 oratorem
969 2107 1089 2183 uocari,
1113 2128 1306 2189 quamquam
1326 2107 1362 2169 in

384 2235 503 2296 magna
523 2223 613 2297 parte
635 2212 797 2276 librorum·
811 2233 943 2277 suorum
964 2213 1036 2296 plus
1052 2213 1116 2277 uiri
1130 2213 1249 2277 habeat
1265 2208 1361 2297 quam
1377 2233 1405 2273 20

385 2320 570 2404 sanguinis3
610 2320 732 2403 primus
763 2321 851 2384 enim
881 2330 1066 2404 contempto
1095 2320 1209 2384 ordine
1242 2343 1358 2397 rerum,

287 2472 290 2477 ,
384 2428 502 2491 omissa
531 2426 687 2492 modestia
718 2448 754 2489 ae
783 2427 906 2510 pudore
936 2428 1126 2504 uerborum,
1158 2427 1237 2510 ipsis
1263 2428 1361 2497 etiam

385 2682 514 2753 tingatis
526 2686 557 2738 D
571 2688 576 2750 1
591 2683 740 2738 meretricis
753 2687 784 2740 D
797 2686 802 2748 1
820 2688 834 2735 7
847 2682 958 2738 hercule
970 2686 1000 2738 E
1012 2689 1017 2750 Ι
1033 2688 1048 2736 8
1061 2636 1184 2754 quotque
1198 2687 1228 2739 D
1242 2690 1247 2752 1
1262 2689 1278 2739 9
1292 2687 1361 2751 alu]-

384 2824 459 2870 tores
483 2820 511 2871 B
541 2823 665 2870 auctores
688 2820 716 2870 A
735 2781 839 2869 altores
857 2818 883 2870 V
898 2823 1019 2871 oratores
1032 2816 1156 2871 Ritteras
1175 2821 1179 2883 Ι
1195 2818 1296 2871 utimur
1307 2820 1337 2873 D
1359 2819 1361 2887 Ι

387 2905 417 2955 lu
437 2901 615 2956 *istrionales
627 2905 655 2957 B
676 2906 681 2967 Ι
704 2906 734 2955 12
752 2902 872 2956 debebat
890 2904 1015 2956 Muretus
1037 2907 1042 2967 Ι
1064 2905 1103 2955 13-
1115 2904 1295 2958 cementarios
1307 2907 1337 2959 D
1358 2910 1361 2971 Ι

323 3001 325 3006 ’
383 2991 416 3041 tt
425 2989 535 3042 fordaA
551 2988 556 3058 Ι
574 2990 604 3040 15
618 2988 689 3041 sicut
703 2988 776 3041 scitis
793 2988 924 3044 Orelliae:
939 2989 1010 3042 sieut
1023 2989 1066 3042 his
1077 2991 1218 3045 ABCDE
1229 2996 1259 3045 ut
1272 2990 1310 3043 sic
1322 2990 1362 3043 di·

385 3093 470 3146 xerim
481 3093 629 3162 Selopeaur
644 3092 647 3159 Ι
664 3090 790 3145 clausula
802 3099 831 3145 et
842 3092 988 3161 Dryander
995 3093 1063 3147 coni.
1075 3095 1103 3148 in
1116 3093 1180 3146 aiat
1191 3112 1221 3163 p.
1231 3095 1264 3147 24
1278 3080 1326 3158 (ὦ
1335 3102 1363 3146 et

386 3172 480 3238 GDtlt:
492 3178 532 3231 eu
547 3186 575 3232 et
587 3184 614 3233 Α
626 3178 695 3232 clam
709 3186 737 3231 et
748 3182 794 3249 Bp
812 3178 874 3232 dam
945 3186 973 3232 et
983 3181 1013 3232 E
1028 3179 1090 3232 laus
1109 3188 1138 3232 et
1153 3179 1268 3234 Orelliua
1285 3179 1361 3251 plau·

384 3264 507 3318 dentium
520 3265 715 3318 collectorum
727 3264 857 3333 Halmius
869 3263 1040 3317 audientium
1057 3265 1218 3338 Teuffelius‘l
1233 3266 1360 3335 frequens

385 3350 547 3421 quibusdam
567 3350 728 3415 exclamatio
747 3351 896 3406 Rhenanus
921 3349 925 3417 Ι
955 3352 985 3402 16
1003 3359 1097 3404 tenere
1119 3351 1241 3421 Lt'psst'ur:
1259 3359 1361 3404 temere

293 3479 296 3484 -
384 3438 523 3493 ABODE
542 3441 547 3502 Ι
569 3437 695 3508 equidem
711 3438 735 3492 0
752 3440 757 3501 Ι
781 3429 905 3507 ll'quem
920 3454 1000 3508 quem
1013 3440 1044 3492 D
1063 3441 1068 3502 Ι
1092 3441 1122 3489 18
1136 3437 1274 3491 nominare
1287 3438 1362 3505 Aper

333 3594 339 3603 N
384 3526 518 3578 nesterE
543 3524 547 3593 Ι
575 3523 768 3579 hiithisE
790 3523 795 3592 Ι
821 3526 851 3576 19
866 3540 947 3595 posse
962 3525 1054 3578 CDE:
1072 3531 1136 3591 post
1148 3525 1361 3591 seApos-seB

384 3616 464 3726 {egressae
481 3658 524 3722 Vt
545 3660 577 3709 20
592 3657 643 3710 uiri
654 3648 875 3710 cunemannus:
890 3657 932 3710 uis
945 3657 1083 3711 ABODE
1104 3655 1167 3708 bilis
1188 3655 1363 3725 Wopkerssius
1460 3694 1463 3700 ,

383 3743 412 3795 in
430 3742 504 3796 niue.
524 3742 592 3796 obss.
615 3745 674 3797 crit.
694 3742 759 3796 VII
768 3761 799 3811 p.
821 3745 868 3794 401
893 3741 969 3812 puris
988 3741 1223 3813 Sclurafleiaclt'us
1244 3748 1361 3795 adoream

385 3828 465 3882 litter.
476 3848 505 3899 p.
523 3830 571 3880 134
587 3832 597 3898 Ι,
608 3832 637 3880 ‘21
653 3835 780 3881 contento
796 3829 846 3883 01)
