3168 4758
76 717 190 769 tum
204 718 367 781 amum

78 791 322 844 farreum-«M

98 868 232 943 appu

84 1188 311 1319 ow

52 1408 359 1648 *md

72 1569 291 1655 lm
65 1647 311 1725 Μ
289 1579 350 1694 W

65 1653 366 1816 aramma

976 411 1025 475 'l

736 492 1016 551 ...2-

385 662 584 746 temporibus
605 661 778 729 hominum
806 681 910 748 sermo
941 660 1146 743 repetendus
1159 669 1254 735 esset,
1281 679 1364 741 quos

361 765 522 865 eandem
544 769 628 831 hanc
649 767 872 850 quaestionem
900 776 1136 850 pertractantes
1153 764 1283 828 iuuenis
1308 767 1364 828 ad-

385 849 520 940 modum
535 873 657 938 audiui.
681 875 727 938 ita
741 896 808 937 non
823 873 955 957 ingenio
970 874 1027 936 sed
1042 873 1202 936 memoria
1215 883 1248 935 et
1261 893 1365 935 recor·
1382 888 1412 929 ιι

385 982 615 1069 dationeopus
637 992 702 1058 est,
726 991 763 1044 ut
783 1002 866 1063 quae
889 1002 911 1043 a
928 978 1212 1069 praestantissimis
1233 978 1311 1041 uiris
1334 989 1366 1042 et
1429 970 1433 977 ¹

385 1087 569 1169 excogitata
597 1087 758 1170 suptiliter
787 1098 821 1151 et
846 1087 932 1151 dicta
958 1088 1101 1171 grauiter
1128 1085 1256 1169 accepi,
1290 1106 1365 1151 cum

385 1194 507 1277 singuli
531 1195 673 1258 diuersas
700 1195 756 1259 sed
779 1194 856 1280 [nell
885 1196 1014 1258 easdem
1039 1193 1225 1278 probabiles
1252 1214 1376 1255 causas.

385 1301 546 1379 afferrent,
564 1302 641 1365 dum
656 1301 792 1366 formam
808 1303 858 1393 sui
860 1303 1057 1386 quisqueet
1072 1299 1227 1364 auimiet
1242 1298 1366 1381 ingenii

386 1410 569 1492 redderent,
587 1408 702 1471 iisdem
718 1429 806 1471 nunc
820 1409 965 1472 numeris
977 1408 1170 1490 iisdemque
1185 1405 1366 1470 rationibus
1382 1426 1414 1499 to

357 1537 559 1611 persequar
580 1525 708 1578 seruato
676 1515 857 1579 tordine
849 1515 1105 1598 disputationis
1145 1535 1251 1595 neque
1278 1513 1365 1577 euim

387 1623 498 1711 defuit,
504 1644 560 1711 qur
551 1622 738 1686 diuersam
754 1643 881 1718 quoque
893 1633 1023 1706 partem
1038 1622 1217 1727 susciperet
1232 1643 1269 1686 ae
1278 1621 1366 1685 mul·

344 1729 456 1798 ftum
476 1739 594 1792 uexata
617 1737 652 1793 et
671 1729 764 1792 irrisa
793 1739 952 1793 uetustate
980 1721 1166 1795 nostrorum
1184 1739 1366 1812 temporum

387 1835 604 1919 eloquentiam
620 1836 826 1919 antiquorum
840 1836 981 1920 ingeniis
997 1835 1181 1918 anteferret

359 1948 378 2008 2
453 1964 529 2006 nam
552 1964 608 2025 pos
612 1952 679 2005 tero
703 1942 755 2006 die
777 1964 874 2025 quam
896 1942 1061 2009 Curiatius
1082 1944 1249 2006 Maternus
1273 1943 1368 2006 Cato·

388 2069 463 2115 uem
488 2047 696 2137 recitauerat,
730 2066 814 2115 oum
829 2049 1005 2114 offendisse
1031 2050 1214 2133 potentium
1240 2050 1368 2153 animos
1473 2082 1478 2089 ·

388 2154 557 2232 diceretur,
584 2142 750 2237 tamquam
765 2156 801 2217 in
828 2178 867 2218 eo
893 2156 1076 2239 tragoediae
1104 2166 1299 2242 argumento
1317 2154 1367 2217 sui

388 2260 546 2324 oblitust
534 2272 604 2324 ttau
606 2284 661 2325 um
677 2262 835 2354 Catonem
862 2263 1045 2345 cogitasset,
1071 2284 1172 2345 eaque
1193 2263 1287 2325 dere
1310 2283 1368 2346 per

387 2371 500 2432 urbem
523 2369 674 2451 frequens
703 2390 806 2433 sermo
826 2369 1020 2452 haberetur,
1049 2380 1211 2433 uenerunt
1231 2370 1272 2431 ad
1294 2384 1402 2435 etuns

390 2476 436 2537 M.
454 2477 543 2557 Ap'er
558 2486 593 2560 et*
605 2475 708 2538 Iulius
725 2475 904 2559 Secundus,
922 2475 1219 2538 celeberrimarum
1234 2474 1369 2557 ingenia
1386 2540 1391 2547 ‚

387 2581 448 2644 fori
473 2562 595 2660 nostri,
620 2603 783 2665 quosego
803 2582 838 2644 in
859 2582 988 2672 iudiciis
1001 2594 1077 2651 ¹non
1098 2592 1249 2665 utrosque
1271 2583 1368 2644 modo

388 2688 528 2753 studiose
544 2689 715 2753 audiebam
737 2689 794 2770 sed
814 2688 902 2751 domi
925 2709 1054 2771 quoque
1071 2688 1153 2753 etin
1168 2687 1302 2779 publico
1318 2709 1379 2778 as·r

394 2915 422 2964 11
435 2909 574 2964 subtiliter
585 2908 668 2963 Aen
682 2908 804 2982 {dietam
817 2909 847 2962 D
861 2910 866 2980 l
882 2927 965 2980 quom
981 2908 1005 2962 0
1018 2909 1023 2981 Ι
1042 2912 1071 2963 18
1086 2908 1201 2979 singulis
1213 2908 1242 2961 Ε
1255 2910 1261 2978 Ι
1276 2909 1370 2963 diuer-

388 3013 434 3049 sas
447 2995 497 3048 sed
509 2995 621 3049 easdem
637 2995 666 3050 0.
681 2995 714 3049 L.
729 2995 860 3049 nonius:
874 2995 995 3049 diversas
1009 2996 1055 3049 uel
1068 2996 1181 3050 easdem
1195 2994 1245 3048 sed
1256 2994 1371 3063 ABOD

390 3081 516 3135 diuersas
530 3121 607 3136 .....
617 3082 680 3134 dem
700 3081 751 3135 sed
761 3081 791 3133 E
806 3081 931 3136 diuersas
949 3080 998 3133 aed
1016 3080 1097 3136 ualde
1115 3080 1228 3134 easdem
1248 3081 1299 3146 (uel
1319 3080 1371 3133 sed

389 3183 435 3220 eas
453 3165 544 3232 ualde)
568 3166 706 3231 Acidaliae
725 3168 772 3220 uel
790 3167 899 3221 easdem
921 3167 970 3220 del.
991 3166 1107 3237 Lr'prr'aa
1130 3167 1175 3220 uel
1195 3167 1305 3220 easdem
1326 3165 1371 3218 uel

391 3251 516 3305 diuersas
535 3252 584 3306 sed
602 3253 725 3306 Mororus
742 3253 863 3306 Heidelb.
877 3253 972 3306 Jatro.
992 3257 1054 3306 1831
1069 3253 1092 3304 I
1095 3271 1127 3323 p.
1143 3255 1190 3305 3111
1215 3251 1220 3321 l
1246 3255 1277 3304 19
1290 3249 1368 3303 alfer-

389 3340 459 3403 ront]
477 3377 515 3390 ...
529 3338 559 3389 Ε
572 3341 576 3403 Ι
592 3340 625 3391 20
638 3339 768 3393 redderet
783 3338 835 3395 OD
859 3337 977 3395 reddent
987 3338 1017 3391 E
1030 3338 1035 3407 Ι
1052 3341 1082 3391 21
1097 3354 1246 3408 persequar
1252 3357 1292 3407 p:
1305 3353 1370 3410 pro·

330 3479 337 3496 .
391 3439 490 3492 sequar
502 3423 644 3478 ABODE
656 3426 661 3493 l
677 3427 710 3477 24
723 3424 889 3479 anteferrent
900 3424 959 3477 BD

459 3513 618 3578 3tanquam
631 3509 740 3563 ABCE
754 3509 923 3581 lplerumque]
941 3510 945 3580 Ι
965 3519 1097 3580 tauquam
1115 3508 1216 3563 nonin
1234 3508 1373 3578 Sauppras

313 3628 317 3639 .
390 3594 487 3648 Paros.
502 3595 620 3665 rrrp
637 3599 685 3651 roa
708 3597 712 3666 ι
734 3596 857 3666 rogerie
870 3596 927 3648 An
941 3595 1105 3664 tragedus
1124 3599 1129 3659 ι
1151 3599 1166 3647 s
1187 3594 1306 3648 habetur
1328 3593 1369 3660 ol
1464 3580 1467 3590 ’

390 3680 529 3735 llMarous
548 3681 577 3733 E
597 3683 601 3748 Ι
622 3683 812 3737 caeleberrima
827 3682 851 3734 0
869 3683 874 3750 Ι
890 3685 904 3733 7
919 3698 969 3751 ego
989 3653 1121 3751 ιιιιοιῷἒ
1138 3696 1193 3735 uon
1211 3681 1240 3735 in
1259 3678 1372 3733 iudiciis

390 3767 472 3820 modo
485 3768 632 3837 Sebopenua
656 3775 788 3837 utrosque
801 3770 850 3821 del
864 3767 925 3820 Ritt
914 3774 985 3820 teras
1001 3772 1005 3832 Ι
1021 3768 1199 3836 uerusqueI)
1290 3789 1293 3795 ¹
