3168 4758
560 537 879 580 —XXI-··

229 672 338 723 cuidam
359 685 389 722 se
407 673 532 723 attulisse
550 674 744 732 iouentarium,
764 674 837 722 sicui
855 671 878 720 ei
897 672 1072 735 scripseram,
1094 670 1212 734 plurium

230 759 399 809 uoluminum
419 758 572 809 secundum
594 763 687 809 nciam
708 771 807 809 meum.
839 756 1014 821 postmodum
1028 770 1091 807 cum
1105 770 1212 807 summe

229 858 294 895 cura
314 857 473 908 quaererem
491 845 565 894 hunc
583 844 732 906 hominem,
753 843 826 893 uenii
844 843 878 892 ad
901 857 944 893 me
957 843 1073 894 afferens
1087 843 1212 893 inuenia-

230 931 300 981 rium
314 929 424 996 plenum
441 930 541 992 uerbis,
557 945 586 981 re
599 943 728 980 uacuum.
761 930 804 978 uir
818 929 862 977 ille
876 928 972 990 bonne,
994 941 1092 994 expers
1105 927 1212 979 sindic-

230 1030 292 1067 rum
312 1020 480 1081 noseorum,
502 1015 633 1080 quicquid
653 1016 756 1078 reperii
777 1015 898 1078 ignotum
920 1015 972 1064 sibi
992 1014 1059 1065 idei
1076 1014 1148 1079 apud
1163 1027 1213 1064 nos

230 1102 396 1165 incognitum
412 1103 529 1166 putauii.
563 1103 657 1166 itaque
675 1101 783 1151 reiersii
802 1100 868 1150 iilud
889 1100 966 1150 iibris
979 1114 1048 1164 quos
1068 1101 1210 1160 habemus

229 1189 275 1252 qui
295 1191 360 1238 suni
380 1188 460 1238 iidem
480 1187 629 1252 dequibus
647 1187 890 1249 eiiascognouisii.
925 1187 1002 1236 mitio
1020 1189 1111 1236 autem
1132 1186 1166 1237 ad
1186 1188 1212 1235 te

229 1288 301 1324 nunc
321 1278 426 1338 partem
450 1275 594 1324 inueniarii
613 1276 664 1336 sui,
689 1270 789 1337 inquo
809 1271 977 1323 describitur
996 1272 1127 1323 uolumen
1146 1272 1212 1322 iilud

229 1360 346 1411 Cornelii
368 1361 451 1410 Taciti
474 1365 501 1410 ei
521 1361 637 1410 aiiorurn
657 1358 760 1424 quihus
779 1372 921 1420 caremus;
947 1359 1075 1423 quicum
1096 1360 1150 1408 sini
1169 1372 1213 1409 res

230 1446 365 1510 quaedam
386 1448 525 1511 paenulae,
548 1460 601 1496 non
621 1447 688 1496 satis
708 1443 1091 1507 magnosuniaestimandae.
1123 1443 1213 1494 decidi
1292 1505 1295 1512 ,

229 1546 260 1581 ex
275 1534 393 1581 maxima
406 1546 454 1597 spe
464 1546 547 1596 quam
561 1545 742 1596 conceperam
756 1544 789 1580 ex
802 1530 895 1582 uerbis
908 1532 973 1583 suis.
989 1544 1020 1580 ea
1033 1532 1121 1580 exiiiit
1130 1543 1213 1580 causa

231 1622 437 1682 propterquam
453 1632 505 1668 non
520 1630 684 1682 magnopere
697 1618 792 1667 curaui
806 1617 859 1666 hoc
872 1617 906 1667 ad
920 1620 945 1667 ic
959 1616 1094 1678 scribere;
1113 1630 1176 1666 nam
1189 1618 1212 1666 si

232 1703 296 1766 quid
316 1706 453 1768 egregium
474 1704 568 1755 fuisset
588 1706 635 1753 aui
653 1702 764 1766 dignum
785 1704 907 1752 Minerua
927 1706 1029 1764 nostra,
1052 1715 1104 1752 non
1124 1702 1213 1752 solum

230 1791 401 1855 scripsissem
416 1790 464 1840 sed
478 1791 535 1854 ipse
550 1790 722 1839 aduoiassem
738 1793 767 1839 ut
779 1788 970 1851 significarem.
1003 1788 1047 1839 hic
1061 1787 1213 1839 inonachus

229 1879 288 1939 egei
301 1877 433 1940 pecunia;
454 1879 591 1941 ingressus
610 1867 671 1927 sum
685 1889 840 1928 sermonem
854 1874 1034 1925 subueniendi
1048 1874 1110 1932 sibi,
1131 1873 1213 1922 dum-

231 1962 311 2012 modo
333 1964 493 2013 Ammianus
512 1964 691 2021 Marceliinus
714 1949 905 2027 prima'decas
924 1962 975 2010 Tiii
994 1961 1061 2010 Liuii
1082 1963 1109 2010 ei
1128 1973 1212 2009 riuum

231 2049 360 2098 uolumen
374 2044 530 2098 orationum
546 2047 623 2098 T'uiiii
638 2050 716 2097 exiis
730 2062 800 2112 quae
819 2052 884 2097 suni
904 2047 975 2112 apud
989 2060 1039 2098 nos
1052 2059 1214 2107 coipniunes

233 2134 277 2197 [un
290 2147 343 2184 non
358 2147 519 2205 communes
533 2135 553 2198 ?j
576 2139 602 2184 ei
620 2134 748 2184 nonnulla
764 2134 815 2183 alia
830 2148 922 2200 opera,
945 2147 1016 2197 quaa
1036 2115 1216 2197 quamuiaee¹
1256 2155 1258 2161 f

143 2254 146 2259 »
230 2219 381 2270 habeamus
398 2224 487 2270 tamen
507 2234 559 2269 non
580 2223 644 2270 suni
658 2219 822 2283 negligenda,
846 2219 945 2270 dentur
965 2220 1029 2268 mihi
1045 2233 1093 2284 pro
1107 2219 1149 2269 his
1163 2231 1211 2282 pe-

230 2306 318 2357 cuniis
360 2309 422 2370 peio
442 2311 532 2356 autem
553 2305 598 2355 iiia
617 2305 714 2357 deferri
734 2305 973 2371 eorum'pericuio
992 2319 1081 2368 usque
1100 2305 1212 2355 Nurim-

229 2391 348 2454 bergam.
364 2392 432 2442 haec
446 2397 540 2452 tracia,
557 2393 648 2443 nescio
663 2392 727 2459 quid
742 2392 913 2452 concludam,
930 2393 1021 2442 omnia
1036 2395 1127 2441 tamen
1142 2404 1155 2439 a
1171 2405 1213 2439 me

229 2479 300 2528 scies
313 2481 417 2542 postea.
442 2479 475 2540 (p.
493 2480 542 2525 207
555 2483 616 2542 aeq.)

231 2568 244 2612 7
316 2566 409 2614 Romae
419 2565 506 2627 pridie
519 2565 568 2614 kal.
586 2566 642 2613 Iun.
655 2565 788 2629 (cdiii).
809 2566 916 2629 Optime
930 2565 1080 2628 suspicaris
1096 2577 1137 2612 mc
1151 2577 1213 2612 cum

204 2693 206 2697 ,
229 2649 402 2713 obsignarem
416 2650 520 2699 litteras
533 2649 648 2699 oblitum
662 2663 723 2699 esse
738 2651 809 2701 iilius
823 2652 977 2713 inuentarii,
999 2653 1077 2701 cuius
1096 2651 1213 2699 montio-

231 2749 292 2785 nem
306 2735 424 2796 feceram
437 2737 463 2784 iu
478 2736 583 2785 litteris.
618 2749 691 2785 nunc
705 2736 770 2786 iilud
785 2736 819 2786 ad
833 2740 858 2785 ie
872 2738 957 2786 milio.
991 2737 1016 2785 id
1038 2740 1129 2786 autem
1145 2737 1213 2787 male

231 2822 334 2884 accipis
346 2824 419 2885 quia,
435 2834 498 2871 cum
512 2834 657 2885 procurem
671 2823 701 2870 ut
714 2823 865 2873 habeamus
878 2822 1011 2873 decadem
1028 2824 1094 2872 Liuii
1109 2827 1135 2872 ei
1149 2823 1213 2872 reii-

230 2921 284 2970 qua
307 2909 446 2973 ueprmina
466 2908 499 2957 de
519 2907 619 2970 quibus
640 2907 674 2957 ad
694 2912 720 2957 ic
741 2909 847 2974 scripsi,
872 2913 951 2973 putes
965 2922 1008 2957 me
1022 2911 1148 2958 omittere
1162 2908 1213 2957 hoc

233 2995 362 3042 uolumen
377 3007 432 3057 quo
446 2995 563 3043 maxime
578 2993 737 3056 indigemus.
770 2995 795 3043 id
810 2997 922 3058 quidem
937 2995 1072 3058 imprimis
1085 2995 1213 3058 estquod

233 3080 304 3138 uolo,
329 3082 394 3142 quin
416 3081 544 3130 maniaui
563 3081 608 3130 isii
629 3081 763 3131 monacho
786 3084 814 3130 ui
836 3082 879 3131 uei
904 3085 961 3146 ipse
980 3094 1074 3132 secum
1097 3081 1214 3131 deferret

233 3166 305 3227 (nam
320 3166 406 3215 credit
420 3179 449 3216 se
463 3165 612 3227 rediturum
628 3167 713 3228 breui)
736 3168 779 3218 uei
793 3180 842 3231 per
854 3168 937 3216 elium
952 3167 1116 3217 monachum
1131 3179 1213 3216 cure-

186 3288 189 3291 *
231 3253 272 3300 rei
290 3250 482 3314 deferendum
509 3252 577 3303 elios
596 3254 662 3303 iussi
682 3255 787 3317 pariari
807 3253 1033 3315 Nurimhergam‚
1056 3236 1129 3302 bunc
1149 3244 1214 3302 uero

231 3338 342 3387 Romam
353 3338 488 3401 proficisci
498 3343 572 3388 recia
583 3341 636 3401 uia,
648 3343 675 3389 ci
685 3342 721 3389 iia
733 3354 762 3391 se
775 3339 909 3390 faciurum
921 3340 1029 3403 recepit.
1048 3342 1081 3402 ip.
1094 3339 1210 3402 sidaec.)

232 3427 246 3472 8
317 3413 507 3475 Rorncei'icoi.
526 3427 713 3478 Ocimiis‘i.
746 3426 782 3475 De
802 3425 926 3475 Corneiio
946 3426 1040 3476 Tacito
1060 3426 1168 3490 quiesi
1188 3425 1213 3473 in

164 3509 167 3517 '
232 3509 376 3559 Germania
391 3510 426 3558 nii
441 3512 544 3573 seniio;
565 3517 677 3576 expecto
691 3524 854 3576 responsum
868 3510 901 3560 eh
915 3512 960 3561 illo
976 3512 1119 3562 monacho.
1280 3511 1283 3519 '

231 3597 311 3645 omisi
335 3595 405 3646 hanc
427 3610 521 3647 curam
544 3594 678 3647 librorum
702 3597 857 3647 absentium
879 3601 906 3647 ei
928 3587 961 3646 ad
983 3609 1029 3647 eos
1050 3600 1095 3661 qui
1115 3597 1216 3647 adsoni

231 3680 309 3730 nobis
323 3684 444 3731 animum
459 3684 593 3741 conuerti,
609 3697 672 3733 nam
687 3684 723 3733 nii
737 3683 820 3733 audio
834 3686 943 3747 praeter
956 3684 1069 3734 fabulas.
1092 3686 1125 3746 (p.
1142 3672 1218 3741 2⁴3.)

232 3770 246 3814 9
317 3770 408 3818 Romae
423 3771 462 3820 die
477 3774 503 3817 ii
521 3783 555 3818 m.
572 3771 640 3833 Sept.
655 3785 680 3819 o.
698 3772 773 3820 iius.
797 3797 811 3819 ι.
822 3806 860 3819 ...
877 3769 1018 3821 Cornelius
1032 3771 1142 3820 Tacitus
1155 3769 1217 3819 silei

203 3848 208 3859 ’
233 3843 301 3891 iniec
324 3845 473 3895 Germanos
492 3859 581 3910 neque
600 3849 748 3911 quicquam
768 3848 865 3898 exinde
889 3849 952 3897 noni
972 3850 1081 3913 percepi
1101 3846 1135 3897 de
1158 3849 1217 3897 eius

230 3922 369 4000 operibns.
393 3931 426 3986 ip.
441 3928 513 3987 2¹8.)
