3168 4758
609 464 1012 591 ‘'mass-

371 686 481 731 corum
496 666 552 750 qni
567 667 712 731 rhetores
723 676 899 741 uocantum
917 689 997 750 quos
1019 669 1118 751 paulo
1134 678 1208 732 ante
1225 669 1352 734 Cicero·

371 772 422 836 nis
445 784 590 856 tempora
612 772 757 837 extitisse
777 794 839 842 nec
859 773 1021 857 placuisse
1042 775 1219 843 maioribus
1234 777 1359 869 nostris

371 900 412 942 ex
434 901 471 944 eo
493 879 704 945 manifestum
724 882 881 963 estquod
907 881 980 964 [M.]
1005 880 1122 957 Crasso
1151 893 1183 945 ct
1208 866 1395 949 Domitios,

371 985 557 1051 censoribus
572 986 722 1062 cludera,'
739 997 776 1051 ut
790 987 836 1050 ait
851 987 976 1064 Cicero,
1000 988 1114 1051 ludum
1130 989 1351 1072 impudentiae

369 1092 449 1156 inssi
463 1103 551 1158 sunt.
592 1095 651 1157 sed
671 1104 708 1158 ut
728 1094 834 1158 dicere
850 1094 1066 1171 institueram,
1091 1095 1297 1159 deducuntur
1317 1096 1352 1159 in

370 1198 510 1276 scholas,
534 1199 568 1263 in
591 1200 708 1284 quibus
729 1222 797 1265 non
820 1199 916 1265 facile
938 1200 1076 1267 dixerim
1097 1211 1248 1265 utrumne
1263 1202 1352 1268 locus

369 1306 440 1390 ipse
460 1327 502 1368 an
526 1307 741 1392 condiscipuli
769 1329 812 1371 an
841 1329 945 1391 genus
975 1308 1157 1375 studiorum
1176 1308 1252 1391 plns
1274 1308 1353 1372 mali

324 1484 327 1491 ‚
370 1412 510 1497 ingeniis
526 1414 673 1479 afferant.
696 1435 783 1479 nam
798 1415 833 1478 in
848 1414 920 1478 loco
935 1414 1021 1479 nihil
1035 1415 1249 1492 reuerentiae,
1266 1414 1351 1479 scili·
1367 1432 1396 1475 ro

282 1538 285 1544 ·
370 1533 422 1585 cet
436 1521 471 1586 in
487 1542 585 1603 quem
599 1542 695 1585 nemo
711 1521 775 1586 nisi
790 1542 892 1604 aeque
906 1521 1076 1605 imperitus
1091 1521 1191 1585 intrat
1199 1544 1209 1596 ;
1227 1522 1263 1585 in
1278 1542 1353 1586 con-

371 1627 540 1711 discipulis
562 1627 648 1691 nihil
668 1609 842 1712 profectus,
866 1649 940 1693 cum
961 1627 1055 1711 paeri
1075 1628 1162 1692 inter
1181 1649 1299 1712 pueros
1320 1638 1353 1692 et

345 1744 349 1750 ’
370 1734 604 1801 adolescentuli
629 1735 715 1798 inter
740 1734 997 1799 adolescentulos
1024 1735 1095 1818 pari
1121 1736 1293 1801 securitate
1320 1745 1354 1798 et

370 1841 481 1906 dicant
496 1853 529 1904 et
544 1842 718 1904 audiantur
726 1864 736 1916 3
759 1841 850 1924 ipsae
874 1861 952 1904 uero
968 1841 1216 1907 exercitationes
1231 1863 1353 1925 magna
1386 1832 1393 1842 ⁸

369 1958 517 2032 exparte
533 1948 722 2013 contrariae.
753 1969 870 2031 nempe
888 1948 975 2011 enim
991 1949 1055 2012 duo
1071 1969 1193 2032 genera
1207 1949 1353 2013 materia-
1370 1970 1398 2010 rs

368 2077 440 2118 rum
457 2055 545 2137 apud
560 2054 706 2118 rhetoras
721 2064 910 2131 tractantur,
928 2055 1091 2118 suasoriae
1114 2066 1148 2118 et
1169 2038 1352 2119 controuer-

368 2162 447 2226 siae.
473 2182 515 2224 ex
528 2161 580 2227 his
596 2161 759 2225 suasoriae
775 2161 906 2244 quidem
921 2173 1086 2245 tamquam
1100 2162 1352 2245 planeleuiores

369 2279 402 2333 et
417 2269 524 2335 miuus
540 2269 731 2353 prudentiae
747 2268 916 2352 exigentes
931 2267 1039 2351 pneris
1056 2269 1258 2352 delegantur,
1276 2289 1351 2333 con-

369 2376 543 2440 trouersiae
562 2423 565 2428 -
581 2374 815 2440 robustioribus
852 2374 1123 2458 adsignantur-
1148 2376 1259 2457 quales
1294 2397 1353 2459 per

368 2484 467 2547 fidem
503 2493 536 2546 et
572 2503 668 2564 quam
703 2481 936 2545 incredibiliter
965 2481 1178 2565 compositae!
1209 2483 1397 2566 seqniturro

368 2599 477 2652 autem
497 2599 535 2651 ut
559 2584 714 2653 materiae
741 2587 929 2666 abhorrenti
956 2611 975 2653 a
996 2588 1134 2652 ueritate
1158 2589 1351 2653 declamatio

367 2809 519 2863 trethores
537 2808 588 2879 D}
609 2806 702 2863 Cicero
721 2778 844 2879 tempore
862 2808 986 2863 extitisse
1007 2807 1118 2865 GOice.
1139 2809 1263 2864 extitisse
1281 2818 1350 2863 tem·

345 2965 347 2967 ‚
366 2912 432 2965 pore
443 2896 475 2950 D
489 2896 494 2964 Ι
509 2900 524 2949 5
538 2895 634 2949 Mau.
644 2893 877 2965 Sobaraflarscbs'as
890 2899 951 2949 aaa.
966 2895 1047 2949 litter.
1052 2913 1082 2964 p.
1096 2897 1143 2948 182
1168 2895 1199 2947 L.
1214 2894 1349 2948 I'r'tboaaa.

366 3045 402 3080 aa
414 3024 506 3096 fuerit
522 3026 558 3080 a?
572 3028 577 3093 Ι
593 2990 719 3088 Claudio,
734 3025 763 3079 ἐπ
774 3043 859 3094 mnrq.
875 2989 976 3080 Crasbo
994 3031 1020 3081 Α
1039 2991 1170 3080 cnsilio
1182 3028 1212 3081 Β
1226 3026 1230 3096 1
1246 3027 1350 3080 talau-

366 3112 430 3166 dere
448 3114 508 3166 DE
529 3113 535 3179 Ι
562 3110 668 3182 Cicero]
687 3112 719 3164 de
735 3129 774 3165 cr.
794 3112 859 3179 III,
880 3115 934 3181 941
955 3115 970 3166 8
990 3113 1090 3166 scolam
1109 3114 1140 3166 D
1156 3111 1245 3166 scolas
1263 3111 1308 3182 Ε1
1323 3112 1351 3164 in

365 3198 416 3254 ina
438 3197 672 3268 Sabumfleiaclu'ua
689 3203 750 3251 aad.
770 3197 850 3250 litter.
872 3216 900 3267 p.
919 3199 987 3262 1821
1010 3201 1026 3250 9
1046 3215 1080 3250 an
1102 3197 1141 3269 [q]
1153 3198 1203 3268 D}
1228 3202 1259 3251 1⁰
1276 3198 1351 3260 ‚nihil
1432 3218 1437 3229 ⁷

366 3299 416 3335 mn.
430 3284 461 3338 D
472 3289 480 3353 1
496 3282 601 3337 scilicet
618 3281 770 3339 Acidalio.-
786 3283 835 3336 red
845 3285 988 3351 ABODE,
1009 3283 1057 3337 dal.
1073 3281 1217 3338 Emrstrin
1229 3291 1271 3351 est
1284 3284 1352 3337 idem

315 3401 324 3413 .
365 3368 513 3423 Acidaliae.
541 3368 590 3422 sed
614 3399 646 3409 -
669 3369 753 3423 intret
780 3367 978 3439 Nipperdeius*
999 3388 1029 3440 p.
1050 3373 1100 3424 tas
1128 3373 1133 3438 1
1161 3371 1193 3422 12
1206 3379 1289 3440 quom
1311 3370 1350 3439 01

293 3449 297 3457 ’
367 3456 397 3507 13
421 3454 692 3522 adolescantlcs]ulos
715 3456 766 3522 ΒΙ
793 3454 941 3510 securitate
965 3454 1115 3511 audiantur
1139 3461 1167 3508 et
1190 3453 1282 3508 dicant
1306 3455 1349 3521 ΒΙ

368 3542 399 3593 16
412 3539 608 3595 rhetoresBD
622 3545 627 3603 1
643 3547 821 3607 connexeris
840 3545 868 3597 Β
882 3544 933 3608 (ab
950 3542 978 3595 in
998 3539 1048 3605 aa.)
1066 3543 1071 3607 Ι
1091 3545 1119 3593 17
1132 3540 1167 3593 iis
1183 3541 1223 3604 01
1239 3539 1350 3609 quidam
1426 3563 1433 3568 ·

352 3623 395 3678 'bs
414 3625 482 3696 quid
501 3633 529 3680 et
546 3627 570 3679 si
587 3630 672 3683 ABE
686 3629 762 3699 quod
780 3627 833 3681 atsi
845 3630 876 3683 D
888 3627 1000 3698 quidam
1020 3625 1074 3680 etsi
1088 3626 1156 3694 01⁷1
1176 3628 1205 3678 18
1218 3624 1347 3694 delegan-

364 3711 462 3765 turb:
482 3711 651 3783 delegantur
668 3716 806 3770 ABODE
816 3715 822 3782 Ι
842 3720 1033 3776 conuouersse
1051 3714 1080 3766 Β
1095 3716 1100 3778 1
1124 3713 1155 3764 ¹9
1174 3711 1350 3780 assignantur
1374 3780 1376 3783 Ι

364 3798 491 3864 ΒΟΒΒΙ
507 3798 621 3869 perfidie
632 3799 688 3854 AB
702 3801 752 3867 121
768 3797 907 3852 aborrenti
918 3799 949 3852 D
