3168 4758
563 516 863 578 ...13—

221 698 273 751 tus
301 697 349 751 eat
374 696 422 762 ut,
441 706 514 749 cum
541 697 610 749 toto
633 707 739 762 anno,
762 705 822 768 per
848 706 958 773 omnes
980 685 1060 760 dies,
1085 705 1206 768 magna

221 793 367 858 noctium
386 806 477 876 parte
506 814 609 867 unum
631 791 752 855 librum
778 774 912 856 incedit
934 802 967 855 et
987 791 1203 867 elucubrauit,
1283 828 1297 843 ιι
1336 792 1353 849 t*
1384 794 1412 833 '-

222 920 335 983 rogare
355 899 440 963 ultro
463 909 496 962 et
516 898 638 962 ambire
660 908 795 982 cogatur
814 909 852 962 ut
872 899 938 961 sint
954 898 1010 981 qui
1030 896 1207 984 dignentur
1289 894 1293 905 '

179 1033 208 1076 ao
223 1007 345 1071 audire.
363 1019 397 1069 et
410 1028 452 1069 ne
466 1007 502 1069 id
518 1004 650 1088 quidem
665 1003 767 1089 gratis
775 1027 785 1080 ;
798 1027 876 1070 nam
887 1016 920 1069 et
935 1006 1069 1069 domum
1079 1015 1206 1069 mutua-

222 1120 275 1173 tur
290 1119 323 1172 et
337 1108 534 1173 auditorium
549 1108 670 1171 extruit
685 1117 719 1170 et
732 1107 889 1172 subsellia
903 1108 1055 1171 conducit
1070 1121 1102 1171 et
1116 1101 1207 1171 libel-
1291 1126 1300 1163 2
1323 1148 1326 1157 ,

223 1216 269 1280 los
286 1216 453 1301 dispergit.
481 1226 513 1279 et
527 1226 565 1296 ut
575 1214 779 1279 beatissimus
792 1213 1017 1279 recitationem
1028 1213 1098 1279 eius
1111 1235 1206 1278 eaen-

223 1335 276 1387 tus
298 1333 522 1407 prosequatur,
540 1321 646 1385 omnia
666 1320 729 1385 ista
752 1322 823 1386 laus
839 1322 925 1385 intra
939 1342 1043 1384 unum
1058 1332 1115 1384 aut
1129 1322 1207 1385 alte·

222 1452 295 1493 rum
316 1430 417 1506 diem,
434 1428 527 1493 uelut
548 1428 584 1492 in
599 1427 701 1492 herba
716 1427 771 1492 uel
785 1429 863 1491 flore
879 1397 1002 1511 praecl
1016 1439 1061 1504 ta,
1078 1428 1120 1490 ad
1135 1429 1208 1490 nul·

181 1558 208 1601 aa
224 1534 290 1600 lam
305 1545 425 1599 certam
441 1547 473 1606 et
484 1535 621 1618 solidam
636 1536 785 1619 peruenit
800 1535 938 1620 frugem,
952 1556 1013 1598 nec
1028 1545 1085 1598 aut
1100 1534 1208 1598 amici·

222 1644 303 1707 tiam
317 1643 395 1707 inde
410 1644 508 1707 refert
521 1647 577 1707 a'ut
589 1642 773 1708 clientelam
786 1652 843 1705 aut
854 1638 1042 1707 mansurum
1054 1641 1090 1704 in
1102 1643 1209 1705 aniano

223 1751 415 1831 cuiusquam
439 1749 647 1825 beneficium,
665 1750 722 1813 sed
738 1749 913 1813 clamorem
927 1769 1051 1832 uagum
1067 1758 1100 1811 et
1114 1769 1209 1812 uoces

224 1856 337 1920 inanes
362 1865 395 1938 et
409 1856 567 1940 gaudium
581 1840 725 1920 uolriore.
759 1854 966 1919 laudauimus
981 1876 1086 1938 nuper
1100 1866 1136 1918 ut
1150 1855 1209 1919 mi·

141 1966 146 1971 ’
225 1983 294 2026 ram
318 1974 350 2026 et
370 1962 524 2027 eximiam
539 1948 733 2046 Vespasiani
755 1962 984 2025 liberalitatem
1008 1964 1094 2045 quod
1116 1962 1210 2045 quin·

184 2099 211 2142 30
225 2079 324 2153 genta
345 2070 493 2133 sestertia
509 2071 609 2133 Basso
627 2071 790 2133 donasset.
822 2069 1001 2152 pulchrum
1013 2069 1048 2132 id
1064 2069 1208 2152 quidem,

226 2176 464 2260 indulgentiam
486 2176 640 2258 principis
656 2175 787 2259 ingenio
802 2179 919 2239 mereri
928 2199 938 2252 3
962 2186 1084 2258 quanto
1101 2186 1211 2239 tamen

225 2283 404 2367 pulchrius,
423 2283 450 2345 ai
470 2283 516 2346 ita
530 2303 582 2346 res
597 2281 765 2345 familiaris
780 2282 902 2365 exigat,
919 2303 954 2347 se
969 2282 1076 2367 ipsum
1092 2284 1209 2359 colere,

226 2412 322 2453 suum
343 2390 478 2475 genium
493 2388 681 2473 propitiare,
699 2410 794 2452 suam
809 2389 948 2473 experiri
963 2388 1209 2466 liberalitateml

227 2495 330 2560 adiice
353 2496 438 2579 quod
463 2498 578 2580 poetis,
595 2495 622 2561 si
645 2497 740 2559 modo
756 2497 895 2579 dignum
910 2496 1033 2580 aliquid
1047 2497 1211 2559 elaborare

184 2628 212 2671 aa
227 2614 259 2666 et
274 2604 400 2674 efficere
415 2603 531 2681 uelint,
545 2603 759 2686 relinquenda
773 2603 974 2667 conuersatio
990 2602 1167 2666 amicorum
1179 2613 1212 2665 et

229 2896 260 2946 17
274 2884 335 2946 eum
348 2892 378 2945 D
393 2893 398 2962 1
417 2895 446 2946 18
461 2858 571 2947 exludit
581 2897 607 2947 Α
627 2857 759 2959 exst]udit
769 2891 800 2944 E
813 2894 818 2959 Ι
834 2895 866 2945 30
878 2892 907 2945 Β
924 2891 954 2945 in
970 2910 1057 2963 uturp.
1072 2892 1214 2964 adacrrpaa't

228 3026 305 3079 lvv.
322 3027 355 3092 [7,
370 3028 413 3091 40]
427 3024 594 3080 Maoulonur
613 3025 770 3080 commodat
788 3025 871 3080 aedes
889 3042 920 3080 ac
939 3024 1023 3094 longe
1035 3025 1137 3079 ferrata
1149 2990 1239 3083 dorir.⁴

230 3112 333 3166 seruire
351 3111 465 3166 iubetur
476 3140 512 3151 —
525 3118 554 3164 et
572 3128 642 3182 quae
655 3109 792 3166 conducto
805 3112 927 3182 pendent
939 3111 1089 3166 anabathra
1102 3109 1193 3181 tigillo
1207 3112 1213 3179 1

229 3248 259 3298 21
275 3251 303 3298 et
315 3243 439 3298 subselia
451 3209 603 3311 condu[d]it
615 3243 692 3298 initio
700 3261 768 3314 paq.
780 3242 875 3315 repetit
885 3243 917 3297 D
931 3243 936 3314 Ι
952 3246 984 3296 23
998 3243 1087 3297 omnia
1099 3261 1168 3297 corr.
1182 3259 1215 3298 ec

232 3347 327 3384 omnes
340 3332 368 3383 A
383 3330 388 3400 Ι
403 3328 453 3383 illa
464 3328 517 3382 01)
532 3341 535 3393 Ι
552 3334 584 3383 24
596 3330 719 3394 herbaB
734 3331 738 3400 Ι
753 3337 880 3404 percepta
887 3329 989 3400 ABEl
1004 3332 1036 3381 27
1050 3329 1214 3400 cuiusquam
1282 3365 1286 3373 -

231 3463 352 3531 [uoluere
369 3448 554 3528 laudauimua]
569 3462 599 3514 D
614 3462 619 3531 Ι
641 3461 800 3529 benefitium
822 3461 874 3514 01)
889 3460 893 3534 Ι
910 3462 1027 3516 clamore
1045 3462 1075 3514 D
1090 3462 1094 3531 Ι
1111 3464 1143 3515 28
1156 3420 1211 3530 [id]

108 3590 118 3609 ,
228 3548 280 3623 Dl
296 3547 674 3619 29Vespanalibertatem1>
689 3548 694 3617 Ι
709 3548 882 3602 ldaextertia
896 3547 949 3602 01>
963 3549 968 3617 Ι
983 3546 1213 3618 ρυΙιτυωΒῡΕΙ

191 3662 201 3671 -
231 3639 261 3688 31
276 3632 539 3705 intelligentiale
556 3635 588 3686 32
593 3632 812 3703 pulcriuaBDE
825 3639 830 3700 Ι
844 3633 944 3688 collare
950 3634 1011 3688 ciue
1017 3633 1213 3704 ingeniule

230 3724 263 3774 33
272 3720 383 3791 genium
390 3718 514 3790 Leptine:
525 3719 669 3788 ingenium
675 3719 834 3791 ABCDE}
850 3720 1003 3775 libertatem
1010 3719 1096 3774 1301>
1103 3718 1188 3787 liber[
1203 3750 1214 3761 ·

229 3805 345 3874 li]tatam
357 3805 386 3858 Ε
400 3811 403 3873 Ι
420 3812 452 3860 at
465 3806 537 3876 petia
550 3806 581 3859 D
595 3806 600 3878 l
617 3810 648 3858 35
663 3804 762 3861 uellint
773 3807 804 3859 D
839 3864 840 3867 Ἴ
