3168 4758
384 657 483 719 eadem
515 658 581 719 iure
610 658 732 720 saecula
762 666 790 719 et
820 658 905 719 tertia
933 657 1045 719 decima
1071 665 1099 719 et
1124 659 1226 738 qllinto
1253 658 1365 718 decimo
1443 708 1455 731 f

384 760 512 822 tribuas.

378 900 386 912 ι
449 881 526 943 quae
542 879 592 924 res
607 868 675 923 utut
688 881 720 924 se
736 863 838 940 nabet,
865 883 880 924 e
903 863 977 924 libro
1000 860 1286 923 Henaaitiaua'maoe
1309 862 1366 923 dua
1460 924 1464 932 ,

378 966 530 1046 eoeempla
558 964 709 1044 descripta
738 985 801 1029 esse
828 966 981 1042 uidentur,
1011 984 1089 1046 quae
1119 966 1144 1025 X
1171 965 1242 1026 etY
1261 955 1367 1025 litteris

385 1067 521 1147 sinuata,
540 1064 578 1125 ab
594 1067 709 1130 tramine
726 1069 861 1150 dilr'qenti
875 1069 929 1131 sed
943 1069 1060 1129 iudarta
1076 1068 1217 1143 alterum,
1237 1067 1367 1127 alterum

386 1169 488 1233 auira
504 1170 604 1230 miuus
619 1172 760 1252 religiosa
775 1190 884 1233 uerum
906 1179 934 1232 et
957 1171 1086 1232 doctiore
1108 1179 1137 1235 et
1156 1170 1365 1250 inqem'asiare.

384 1271 437 1350 qrti
452 1270 567 1332 codices
579 1273 706 1350 perirtde
726 1282 815 1354 atque
830 1273 1042 1335 Heuoairiuuus
1061 1273 1237 1352 perierunt,
1260 1289 1369 1332 uerum

385 1381 496 1435 earam
520 1375 638 1454 prioris
673 1375 716 1458 (X)
752 1379 810 1439 diro
841 1377 1000 1457 attempta,
1039 1377 1263 1437 Vaticanum
1290 1373 1314 1434 A
1341 1381 1369 1436 et

386 1476 529 1538 Leideuse
544 1478 581 1554 B,
601 1478 729 1541 alterius
755 1479 800 1561 (Y)
825 1480 931 1559 plura.
957 1488 1036 1541 recte
1057 1480 1135 1539 euim
1157 1476 1370 1556 Reifferschei-

384 1579 453 1669 elius
474 1578 693 1643 demonstrauit
719 1581 835 1643 codices
859 1581 884 1643 A
907 1591 936 1644 et
956 1583 983 1642 B
1004 1601 1064 1642 nan
1086 1598 1129 1642 ιω
1151 1581 1214 1661 ipsa
1237 1579 1370 1640 Henoclu·

386 1681 460 1741 libra
483 1681 537 1743 sed
565 1702 608 1744 eoe
636 1683 725 1745 liuius
754 1685 827 1746 libri
851 1683 1024 1766 apayraplra
1051 1683 1216 1763 descriptas
1237 1700 1311 1744 esse.
1344 1681 1367 1742 A

385 1790 484 1844 autem
500 1784 676 1847 nitidissime
692 1795 721 1848 et
735 1795 767 1848 ut
777 1788 961 1868 scripturam
974 1787 1128 1866 nunquam
1141 1784 1272 1866 quadam
1284 1784 1369 1845 neoda

385 1886 558 1948 imitaretur
580 1888 712 1968 scriptus
734 1898 779 1951 est
801 1891 831 1949 in
854 1890 969 1951 chartis
991 1887 1121 1968 ablaunis
1147 1889 1233 1949 iussu
1261 1885 1370 1948 nabilis

385 1988 545 2051 cuiusdam
561 1990 641 2066 uiri,
666 1993 752 2053 cutus
767 1994 883 2073 lusique
896 1992 1082 2071 aemilieium
1099 1990 1232 2071 aquilam
1248 1990 1369 2070 nr'qrum

387 2108 491 2170 campa
503 2090 651 2176 <inaurato
667 2096 839 2156 eminentem
855 2092 1002 2155 emittens
1018 2093 1050 2152 in
1065 2092 1126 2151 ima
1142 2092 1252 2153 selecta
1264 2091 1369 2171 prima

335 2229 338 2234 -
385 2196 500 2274 pr'etum
523 2204 575 2258 est.
608 2216 694 2277 quem
723 2197 833 2258 librum
862 2198 915 2277 qai
934 2195 1084 2258 eaearau'it
1102 2212 1169 2255 eum
1192 2194 1371 2255 cadicemX

386 2314 504 2358 stimma
519 2298 663 2379 reiterant,
676 2302 863 2381 tumressisse
879 2308 906 2360 et
920 2316 1089 2380 perpauca,
1110 2305 1145 2358 ut
1159 2298 1253 2376 ipsius
1268 2295 1370 2358 uerbis

386 2409 469 2474 utar,
492 2391 683 2489 ‘meliuscula
698 2392 816 2479 ferisse'
833 2402 901 2463 mde
918 2409 1004 2483 patet
1023 2401 1117 2481 quad,
1143 2400 1259 2460 omissis
1279 2397 1369 2461 rebus

385 2502 643 2584 nrllrayrapltiais‚
669 2513 733 2566 aeta
749 2510 863 2566 tautum
880 2503 953 2565 iacis
968 2501 992 2564 A
1009 2502 1159 2564 lectionem
1174 2501 1299 2581 praebet
1313 2500 1371 2563 sibi

384 2601 590 2686 primuml).
623 2607 716 2667 miella
740 2602 838 2686 plura
863 2616 899 2668 ut
922 2625 986 2686 par
1007 2613 1051 2667 est
1076 2605 1205 2667 nouauit
1225 2607 1371 2666 lorriauus

387 2709 557 2784 Pantanus,
582 2726 668 2788 quem
685 2727 763 2770 anuo
781 2711 792 2768 l
802 2710 861 2771 460
879 2718 939 2771 tres
960 2708 1027 2769 illos
1048 2706 1161 2768 libellas
1177 2706 1369 2785 descripsisse
1403 2686 1419 2703 ²

387 2810 484 2871 eaden
499 2811 526 2869 B
541 2819 670 2872 testatur
685 2811 731 2873 lris
745 2791 856 2874 uerbis
867 2809 912 2892 (p.
925 2806 991 2891 ill:
1018 2813 1076 2871 llos
1090 2809 1212 2870 libellas
1224 2810 1370 2869 lauianns

387 2913 545 2974 Pantanus
562 2914 709 2993 excripsit
726 2932 828 2994 nuper
842 2911 1031 2973 adlnnenlos
1047 2921 1079 2972 et
1095 2911 1241 2972 inlunem
1256 2911 1369 2972 relatas
1404 2988 1407 2992 Α

387 3010 728 3094 antinoensculanoll,
743 3029 941 3097 'quamqualn
955 3017 1032 3076 satis
1043 3013 1222 3075 mendosas.
1241 3032 1274 3073 n.
1285 3031 1367 3073 caca.

389 3137 425 3178 nx
441 3119 549 3179 llarlio
566 3137 685 3180 mense.
711 3127 740 3181 et
754 3113 824 3179 alim
841 3110 961 3199 amnem?
976 3120 1040 3198 ipse
1056 3118 1067 3178 l
1073 3118 1085 3177 i
1090 3116 1155 3178 lter
1170 3117 1238 3177 Lei
1244 3116 1369 3177 densis

388 3223 418 3283 in
439 3211 623 3286 mentbranis
646 3221 779 3302 ablaunis
800 3222 876 3283 satis
900 3215 1227 3301 eleyanter'eoenratus
1243 3219 1372 3280 Paulam'

328 3325 332 3332 '
388 3343 481 3385 uranu
496 3325 628 3404 scriptus
642 3342 706 3385 esse
717 3323 898 3404 putabatur,
923 3323 1002 3383 unde
1019 3321 1226 3403 npaqraptum
1243 3322 1372 3382 Paulnni

458 3514 480 3571 l)
503 3527 524 3563 a.
541 3515 582 3571 34,
600 3515 609 3559 4
628 3512 720 3565 latenr.
747 3514 789 3568 33,
807 3513 835 3559 44
853 3510 938 3561 larda.
961 3515 991 3558 34
1004 3514 1087 3563 certa.
1111 3513 1151 3568 30,
1169 3511 1199 3556 ts
1214 3510 1250 3557 ln.
1279 3511 1320 3566 34,
1338 3511 1368 3555 33

390 3579 587 3631 mutuabimus.
609 3583 650 3641 36,
667 3584 698 3631 43
714 3579 768 3629 hia.
790 3584 831 3639 38,
848 3579 992 3630 5dlcendl.
1016 3581 1056 3637 44,
1072 3579 1103 3625 44
1118 3578 1216 3627 horum
1229 3591 1279 3626 am.
1308 3578 1372 3627 adda

388 3665 409 3699 a.
420 3653 443 3709 9,
456 3652 485 3697 33
501 3649 702 3700 liberalitatem.
725 3651 765 3710 44,
778 3653 791 3697 7
807 3650 917 3698 minime
929 3662 979 3698 om.
1003 3651 1043 3707 43,
1054 3649 1085 3694 43
1100 3644 1265 3696 lerebantur.
1288 3648 1369 3705 l⁰,l8

389 3717 482 3777 ullius,
498 3720 590 3781 quibus
603 3720 663 3770 laets
676 3720 695 3770 A
707 3731 767 3768 eum
778 3720 832 3768 sola
844 3718 866 3768 3
877 3719 998 3768 consentit
1014 3714 1086 3778 (caret.
1100 3721 1150 3766 nat.
1168 3716 1221 3775 43).

459 3789 482 3849 5)
503 3803 585 3848 supra
598 3791 616 3836 A
630 3790 741 3839 litteram
755 3789 838 3837 altera
856 3787 910 3848 (En
927 3800 1002 3841 erasa
1014 3791 1059 3835 est.
