3168 4758
730 513 1029 575 -22-

385 694 421 746 et
442 666 623 767 temporum
645 692 829 746 nostrorum
849 681 964 749 umori
983 695 1137 760 oratores,
1154 705 1221 747 non
1236 683 1371 756 forensi-

386 791 448 854 bus
473 800 601 855 tantum
618 770 775 874 ‘negotiis'
792 800 825 853 et
850 790 1078 857 declamatorio
1103 777 1212 855 studio
1237 791 1372 875 ingenia

387 909 495 963 uestra
516 897 684 974 exercetis,
699 897 758 960 sed
773 897 842 962 eius
857 899 945 962 modi
960 897 1059 961 etiam
1071 897 1306 981 disputationes
1322 921 1370 963 as·

326 1039 339 1067 ·.
387 1004 513 1069 sunritis
529 1025 613 1087 quae
634 1014 667 1068 st
683 1003 853 1089 ingenium
868 1004 962 1070 alunt
976 998 1216 1070 stirnffitionis
1232 1027 1270 1070 ac
1283 1006 1370 1070 litte·
1467 1007 1482 1054 '-

387 1102 495 1175 rarum
514 1111 789 1177 iucundissimum
807 1111 1082 1178 oblectamentum
1103 1135 1177 1177 cum
1197 1113 1292 1178 uobis
1314 1115 1372 1197 qui
1386 1131 1414 1176 co

386 1219 450 1283 ista
464 1202 635 1303 disputatis
651 1200 801 1298 allerunt,
814 1231 884 1285 tum
899 1222 999 1286 etiam
1013 1214 1052 1285 iis
1068 1222 1110 1285 ad
1125 1239 1261 1303 quorum
1278 1237 1372 1280 aures

386 1326 607 1409 peruenerint.
644 1327 754 1410 itaque
776 1327 886 1392 hercle
905 1350 973 1392 non
993 1328 1102 1392 nunus
1122 1324 1253 1411 probari
1273 1324 1371 1388 uideo

386 1433 424 1496 in
446 1444 490 1511 te,
507 1434 670 1512 Secunde,
688 1436 776 1517 quod
798 1435 864 1500 Iuli
879 1434 1015 1500 Asiatici
1039 1436 1143 1501 uitam
1156 1432 1371 1517 conponenda

388 1561 481 1624 spem
500 1539 686 1607 hominibus
707 1542 812 1607 fecisti
834 1543 977 1626 plurium
999 1543 1069 1608 eius
1090 1541 1180 1607 modi
1200 1541 1368 1616 librorum,
1438 1576 1449 1617 (t

387 1669 486 1731 quam
501 1649 537 1712 in
549 1650 639 1732 Apro
655 1650 743 1732 quod
755 1652 903 1715 nondum
917 1652 959 1715 ab
975 1648 1174 1714 scholasticis
1188 1659 1372 1713 controuer-
1387 1624 1478 1757 ²⁵⁸2
1485 1670 1503 1734 l
1523 1704 1527 1717 λ
1578 1652 1579 1733 l

387 1756 445 1819 siis
466 1756 598 1821 recessit
618 1766 650 1820 et
664 1756 767 1821 otium
781 1779 877 1822 sunm
891 1758 1018 1822 mauult
1032 1778 1191 1821 nouorum
1205 1754 1372 1819 rhetorum
1473 1792 1508 1836 j*
1578 1840 1579 1843 Ἴ

388 1885 477 1927 more
493 1885 592 1947 quam
606 1874 754 1928 ueterum
768 1876 930 1930 oratorum
945 1856 1159 1929 consumere.³

300 1961 303 1967 ’
339 1974 379 2035 15
453 1980 524 2034 tum
544 1972 652 2055 Aper:
673 1965 755 2035 ‘non
776 1971 909 2049 desinis,
929 1972 1095 2050 Messalla,
1112 1982 1223 2035 uetera
1243 1980 1372 2037 tanturn

389 2079 578 2162 etantiqua
597 2079 717 2156 mirari
733 2088 917 2143 nostrorum
938 2090 1047 2144 autem
1068 2062 1249 2163 tempirum
1265 2077 1373 2142 studia
1408 2082 1412 2095 ”

386 2183 521 2249 irridete
535 2197 632 2269 atque
647 2159 973 2259 contemnereinam
987 2188 1076 2250 hunc
1087 2199 1179 2251 tuum
1192 2206 1373 2250 sermonem

388 2315 485 2377 saepe
501 2294 624 2377 exse‘pi,
639 2315 714 2358 cum
729 2278 850 2387 oblitus
864 2304 898 2356 et
912 2303 988 2358 tuae
999 2304 1032 2358 et
1041 2294 1148 2359 fratris
1159 2294 1209 2357 tui
1220 2292 1373 2376 eloquen-

390 2401 455 2465 tiae
476 2390 650 2465 neminem'·
663 2400 726 2465 hoc
741 2411 885 2485 tempore
901 2411 1059 2466 oratorem
1074 2423 1144 2466 esse
1159 2376 1402 2465 contenderesu

382 2508 649 2592 potentiales,
674 2484 835 2573 eol'credo
863 2509 1018 2574 audacius
1048 2509 1135 2592 quod
1159 2461 1389 2590 malignitatis!

392 2753 423 2804 16
441 2751 540 2806 summi
557 2752 608 2807 ins.
626 2751 762 2807 Halmius.
778 2752 832 2806 uiri
850 2752 948 2824 optimi
968 2760 996 2807 et
1012 2751 1109 2824 optimi
1129 2752 1257 2806 Muretus
1274 2749 1328 2804 uiri
1346 2756 1375 2803 et

391 2876 420 2891 ..
438 2880 444 2890 .
461 2880 467 2892 .
484 2846 606 2892 oratores
624 2837 721 2907 optimi
738 2838 897 2906 Acidaliusl
915 2842 945 2892 tt
957 2839 1078 2909 tantum]
1091 2845 1182 2892 umen
1198 2835 1371 2905 [forensibus]

389 2925 421 2977 D
434 2927 439 2990 Ι
460 2925 580 2994 negociis
598 2927 653 2980 AB
666 2926 672 2990 Ι
687 2933 716 2977 et
727 2942 779 2977 om.
801 2926 833 2978 D
846 2928 852 2991 Ι
875 2928 907 2978 18
919 2932 947 2978 et
965 2924 1073 2979 sumitis
1090 2926 1121 2979 D
1134 2927 1140 2991 Ι
1157 2925 1188 2978 19
1207 2922 1375 2977 eruditiones

389 3011 515 3076 AODEl
531 3014 564 3064 20
577 3027 639 3064 cum
652 3028 701 3064 cm.
718 3012 743 3066 C
756 3015 770 3062 ὃ
782 3012 813 3065 D
827 3015 833 3078 Ι
848 3014 879 3064 21
893 3010 942 3065 illa
953 3012 999 3065 bE
1008 3011 1062 3064 iam
1076 3013 1125 3067 OD
1140 3015 1145 3078 1
1162 3013 1241 3078 [turn]
1256 3008 1376 3062 afferunt
1394 3062 1397 3072 ,

389 3102 449 3149 tum
461 3099 490 3151 B
504 3099 509 3163 1
524 3096 567 3150 his
579 3097 610 3150 Ε
618 3098 624 3161 Ι
639 3098 672 3149 22
684 3095 797 3150 hercule
812 3099 907 3164 ODE!
923 3100 955 3151 23
970 3096 1034 3151 Iulii
1052 3099 1155 3165 BDE!
1170 3096 1293 3150 Africani
1304 3095 1376 3166 Nip-
1463 3148 1465 3161 ,

384 3230 533 3299 perdetur*
539 3214 573 3303 pl
581 3232 630 3284 278
642 3229 646 3300 Ι
659 3228 848 3300 componendo
855 3230 979 3299 ABOEl
991 3205 1183 3300 utplurimum
1196 3232 1246 3287 01)
1256 3230 1260 3298 Ι
1272 3193 1375 3299 [honnus
1389 3237 1402 3252 '·

304 3376 306 3379 ,
392 3317 422 3371 D
436 3319 441 3383 1
457 3318 490 3369 25
508 3317 633 3371 nundum
653 3317 683 3370 D
697 3318 703 3382 1
718 3334 734 3369 a
749 3318 829 3371 ODE
840 3320 845 3384 Ι
865 3316 1018 3372 scolasticis
1035 3320 1124 3372 BDE
1134 3320 1139 3384 Ι
1154 3319 1187 3370 26
1200 3316 1289 3370 ocium
1300 3318 1355 3371 AB
1369 3316 1373 3384 Ι

389 3402 529 3457 rethorum
541 3404 572 3457 D
585 3405 591 3470 Ι
607 3405 639 3459 2ῖ
652 3417 813 3457 consumere
824 3420 893 3458 corr.
908 3403 1131 3458 cconsnetudine
1143 3406 1172 3458 B

461 3492 473 3542 1
488 3506 543 3552 non
562 3490 633 3544 BE:
651 3505 717 3542 nuru
734 3489 815 3545 AOD
829 3491 834 3554 Ι
854 3488 977 3545 Messala
993 3492 1066 3556 BE!
1088 3492 1104 3540 4
1117 3489 1197 3559 prius
1215 3495 1243 3544 et
1263 3505 1314 3541 om.
1328 3488 1372 3557 ΕΙ

390 3577 406 3627 6
419 3592 484 3645 prae
497 3573 548 3629 ins.
560 3574 707 3633 Halmius:
720 3574 829 3645 Lepsios
842 3580 891 3629 aut
901 3592 994 3645 parem
1006 3574 1174 3630 inserendum
1187 3580 1234 3628 aut
1242 3591 1294 3644 pro
1304 3572 1375 3627 anti·

391 3661 452 3730 quis
469 3659 636 3716 scribendam
648 3661 764 3731 putator
784 3668 865 3732 atque
886 3659 932 3720 ld,·
948 3658 1089 3715 Acidaliua
1106 3658 1226 3730 antiquis
1238 3659 1288 3714 dol.
1305 3662 1311 3725 Ι
1326 3676 1375 3714 au·

390 3746 482 3800 datius
494 3748 525 3801 D
539 3750 544 3814 Ι
560 3746 738 3818 malignitatis
751 3748 915 3802 Rhenanus:
928 3745 1055 3817 malignis
1068 3745 1101 3801 iis
1112 3749 1168 3802 AB
1178 3744 1291 3816 maligni
1309 3744 1374 3799 iniis

394 3834 418 3887 C
428 3830 575 3904 maligihiis
587 3835 618 3887 D
629 3832 743 3902 maligni
761 3833 791 3887 in
809 3833 852 3887 his
864 3835 894 3887 Ε
907 3832 1054 3903 malignius
1072 3833 1087 3886 t
1103 3835 1168 3904 (quo
1180 3830 1328 3902 malignius
1340 3836 1370 3902 p)
