<?xml version="1.0" encoding="UTF-8"?>
<!DOCTYPE html PUBLIC "-//W3C//DTD XHTML 1.0 Transitional//EN"
    "http://www.w3.org/TR/xhtml1/DTD/xhtml1-transitional.dtd">
<html xmlns="http://www.w3.org/1999/xhtml" xml:lang="en" lang="en">
 <head>
  <title>
</title>
<meta http-equiv="Content-Type" content="text/html;charset=utf-8" />
  <meta name='ocr-system' content='tesseract 3.04.00' />
  <meta name='ocr-capabilities' content='ocr_page ocr_carea ocr_par ocr_line ocrx_word'/>
</head>
<body>
  <div class='ocr_page' id='page_1' title='image "./cornelitacitidi00michgoog_0043.png"; bbox 0 0 3168 4758; ppageno 0'>
   <div class='ocr_carea' id='block_1_1' title="bbox 718 506 1017 564">
    <p class='ocr_par' dir='ltr' id='par_1_1' title="bbox 718 506 1017 564">
     <span class='ocr_line' id='line_1_1' title="bbox 718 506 1017 564; baseline 0.003 -14"><span class='ocrx_word' id='word_1_1' title='bbox 718 506 1017 564; x_wconf 67' lang='grc' dir='ltr'><strong>...Η-</strong></span> 
     </span>
    </p>
   </div>
   <div class='ocr_carea' id='block_1_2' title="bbox 313 672 1580 2449">
    <p class='ocr_par' dir='ltr' id='par_1_2' title="bbox 376 672 1361 857">
     <span class='ocr_line' id='line_1_2' title="bbox 376 672 1361 755; baseline -0.003 -16"><span class='ocrx_word' id='word_1_2' title='bbox 376 674 561 739; x_wconf 80' lang='lat' dir='ltr'><strong>iucunditas</strong></span> <span class='ocrx_word' id='word_1_3' title='bbox 583 673 687 749; x_wconf 80' lang='lat' dir='ltr'><strong>urbis,</strong></span> <span class='ocrx_word' id='word_1_4' title='bbox 706 673 886 741; x_wconf 78' lang='lat' dir='ltr'><strong>deserenda</strong></span> <span class='ocrx_word' id='word_1_5' title='bbox 908 684 1014 739; x_wconf 82' lang='lat' dir='ltr'><strong>cetera</strong></span> <span class='ocrx_word' id='word_1_6' title='bbox 1034 672 1154 749; x_wconf 75' lang='lat' dir='ltr'><strong>officia,</strong></span> <span class='ocrx_word' id='word_1_7' title='bbox 1177 683 1278 755; x_wconf 86' lang='lat' dir='ltr'><strong>utque</strong></span> <span class='ocrx_word' id='word_1_8' title='bbox 1298 672 1361 755; x_wconf 88' lang='lat' dir='ltr'><strong>ipsi</strong></span> 
     </span>
     <span class='ocr_line' id='line_1_3' title="bbox 377 776 1360 857; baseline -0.005 -10"><span class='ocrx_word' id='word_1_9' title='bbox 377 776 491 847; x_wconf 80' lang='lat' dir='ltr'><strong>dieunt</strong></span> <span class='ocrx_word' id='word_1_10' title='bbox 511 783 547 845; x_wconf 89' lang='lat' dir='ltr'><strong>in</strong></span> <span class='ocrx_word' id='word_1_11' title='bbox 569 801 703 845; x_wconf 85' lang='lat' dir='ltr'><strong>nemora</strong></span> <span class='ocrx_word' id='word_1_12' title='bbox 717 790 749 845; x_wconf 87' lang='lat' dir='ltr'><strong>et</strong></span> <span class='ocrx_word' id='word_1_13' title='bbox 763 778 867 857; x_wconf 84' lang='lat' dir='ltr'><strong>lucas,</strong></span> <span class='ocrx_word' id='word_1_14' title='bbox 884 781 920 843; x_wconf 90' lang='lat' dir='ltr'><strong>id</strong></span> <span class='ocrx_word' id='word_1_15' title='bbox 935 790 984 843; x_wconf 82' lang='lat' dir='ltr'><strong>est</strong></span> <span class='ocrx_word' id='word_1_16' title='bbox 998 780 1035 845; x_wconf 84' lang='lat' dir='ltr'><strong>in</strong></span> <span class='ocrx_word' id='word_1_17' title='bbox 1049 778 1260 847; x_wconf 77' lang='lat' dir='ltr'><strong>solitudinem</strong></span> <span class='ocrx_word' id='word_1_18' title='bbox 1275 801 1360 843; x_wconf 81' lang='lat' dir='ltr'><strong>sece-</strong></span> 
     </span>
    </p>

    <p class='ocr_par' dir='ltr' id='par_1_3' title="bbox 313 872 1452 1825">
     <span class='ocr_line' id='line_1_4' title="bbox 313 872 1452 972; baseline 0.001 -24"><span class='ocrx_word' id='word_1_19' title='bbox 313 872 366 949; x_wconf 66' lang='lat'><strong>“10</strong></span> <span class='ocrx_word' id='word_1_20' title='bbox 379 888 525 955; x_wconf 83' lang='lat' dir='ltr'><strong>dendum</strong></span> <span class='ocrx_word' id='word_1_21' title='bbox 547 898 608 953; x_wconf 81' lang='lat' dir='ltr'><strong>eat.</strong></span> <span class='ocrx_word' id='word_1_22' title='bbox 640 907 682 951; x_wconf 86' lang='lat' dir='ltr'><strong>ne</strong></span> <span class='ocrx_word' id='word_1_23' title='bbox 705 886 817 970; x_wconf 83' lang='lat' dir='ltr'><strong>opinio</strong></span> <span class='ocrx_word' id='word_1_24' title='bbox 838 886 969 969; x_wconf 87' lang='lat' dir='ltr'><strong>quidem</strong></span> <span class='ocrx_word' id='word_1_25' title='bbox 990 886 1134 963; x_wconf 80' lang='lat' dir='ltr'><strong>etfama,</strong></span> <span class='ocrx_word' id='word_1_26' title='bbox 1152 887 1205 952; x_wconf 86' lang='lat' dir='ltr'><strong>aui</strong></span> <span class='ocrx_word' id='word_1_27' title='bbox 1219 886 1281 950; x_wconf 87' lang='lat' dir='ltr'><strong>soli</strong></span> <span class='ocrx_word' id='word_1_28' title='bbox 1297 908 1361 950; x_wconf 83' lang='lat' dir='ltr'><strong>ser·</strong></span> <span class='ocrx_word' id='word_1_29' title='bbox 1448 966 1452 972; x_wconf 11' lang='grc' dir='ltr'><em>ἐ</em></span> 
     </span>
     <span class='ocr_line' id='line_1_5' title="bbox 377 984 1361 1076; baseline -0.002 -17"><span class='ocrx_word' id='word_1_30' title='bbox 377 996 472 1059; x_wconf 87' lang='lat' dir='ltr'><strong>uiuat</strong></span> <span class='ocrx_word' id='word_1_31' title='bbox 495 1006 529 1056; x_wconf 90' lang='lat' dir='ltr'><strong>et</strong></span> <span class='ocrx_word' id='word_1_32' title='bbox 551 994 638 1076; x_wconf 85' lang='lat' dir='ltr'><strong>quod</strong></span> <span class='ocrx_word' id='word_1_33' title='bbox 660 1015 764 1061; x_wconf 86' lang='lat' dir='ltr'><strong>unum</strong></span> <span class='ocrx_word' id='word_1_34' title='bbox 785 1015 856 1067; x_wconf 79' lang='lat' dir='ltr'><strong>esea</strong></span> <span class='ocrx_word' id='word_1_35' title='bbox 877 994 1017 1076; x_wconf 83' lang='lat' dir='ltr'><strong>pretium</strong></span> <span class='ocrx_word' id='word_1_36' title='bbox 1039 995 1146 1059; x_wconf 82' lang='lat' dir='ltr'><strong>omnia</strong></span> <span class='ocrx_word' id='word_1_37' title='bbox 1168 984 1287 1059; x_wconf 72' lang='lat' dir='ltr'><strong>laboris</strong></span> <span class='ocrx_word' id='word_1_38' title='bbox 1309 993 1361 1059; x_wconf 84' lang='lat' dir='ltr'><strong>aui</strong></span> 
     </span>
     <span class='ocr_line' id='line_1_6' title="bbox 376 1101 1361 1185; baseline -0.002 -20"><span class='ocrx_word' id='word_1_39' title='bbox 376 1102 535 1177; x_wconf 86' lang='lat' dir='ltr'><strong>fatentur,</strong></span> <span class='ocrx_word' id='word_1_40' title='bbox 559 1121 661 1183; x_wconf 86' lang='lat' dir='ltr'><strong>aeque</strong></span> <span class='ocrx_word' id='word_1_41' title='bbox 684 1111 796 1185; x_wconf 79' lang='lat' dir='ltr'><strong>poetas</strong></span> <span class='ocrx_word' id='word_1_42' title='bbox 816 1121 915 1183; x_wconf 85' lang='lat' dir='ltr'><strong>quam</strong></span> <span class='ocrx_word' id='word_1_43' title='bbox 936 1112 1077 1165; x_wconf 73' lang='lat' dir='ltr'><strong>oratores</strong></span> <span class='ocrx_word' id='word_1_44' title='bbox 1097 1101 1259 1180; x_wconf 76' lang='lat' dir='ltr'><strong>nequitur,</strong></span> <span class='ocrx_word' id='word_1_45' title='bbox 1282 1120 1361 1183; x_wconf 90' lang='lat' dir='ltr'><strong>quo·</strong></span> 
     </span>
     <span class='ocr_line' id='line_1_7' title="bbox 376 1206 1357 1292; baseline -0.003 -21"><span class='ocrx_word' id='word_1_46' title='bbox 376 1208 466 1273; x_wconf 86' lang='lat' dir='ltr'><strong>niam</strong></span> <span class='ocrx_word' id='word_1_47' title='bbox 500 1206 671 1273; x_wconf 68' lang='lat' dir='ltr'><strong>mediocris</strong></span> <span class='ocrx_word' id='word_1_48' title='bbox 707 1219 819 1292; x_wconf 79' lang='lat' dir='ltr'><strong>poetas</strong></span> <span class='ocrx_word' id='word_1_49' title='bbox 849 1228 945 1273; x_wconf 84' lang='lat' dir='ltr'><strong>nemo</strong></span> <span class='ocrx_word' id='word_1_50' title='bbox 974 1208 1085 1285; x_wconf 80' lang='lat' dir='ltr'><strong>nouit,</strong></span> <span class='ocrx_word' id='word_1_51' title='bbox 1117 1210 1220 1275; x_wconf 81' lang='lat' dir='ltr'><strong>bonos</strong></span> <span class='ocrx_word' id='word_1_52' title='bbox 1250 1206 1357 1291; x_wconf 78' lang='lat' dir='ltr'><strong>pauci.</strong></span> 
     </span>
     <span class='ocr_line' id='line_1_8' title="bbox 378 1312 1390 1393; baseline 0.006 -19"><span class='ocrx_word' id='word_1_53' title='bbox 378 1312 507 1393; x_wconf 84' lang='lat' dir='ltr'><strong>quando</strong></span> <span class='ocrx_word' id='word_1_54' title='bbox 523 1314 610 1379; x_wconf 87' lang='lat' dir='ltr'><strong>enim</strong></span> <span class='ocrx_word' id='word_1_55' title='bbox 625 1315 860 1379; x_wconf 78' lang='lat' dir='ltr'><strong>rarissimarum</strong></span> <span class='ocrx_word' id='word_1_56' title='bbox 875 1314 1106 1381; x_wconf 71' lang='lat' dir='ltr'><strong>recitationum</strong></span> <span class='ocrx_word' id='word_1_57' title='bbox 1117 1316 1205 1380; x_wconf 79' lang='lat' dir='ltr'><strong>fama</strong></span> <span class='ocrx_word' id='word_1_58' title='bbox 1214 1315 1250 1378; x_wconf 83' lang='lat' dir='ltr'><strong>in</strong></span> <span class='ocrx_word' id='word_1_59' title='bbox 1261 1326 1361 1377; x_wconf 82' lang='lat' dir='ltr'><strong>totam</strong></span> <span class='ocrx_word' id='word_1_60' title='bbox 1376 1341 1390 1380; x_wconf 77' lang='lat'>⁵</span> 
     </span>
     <span class='ocr_line' id='line_1_9' title="bbox 377 1418 1360 1505; baseline 0.002 -24"><span class='ocrx_word' id='word_1_61' title='bbox 377 1418 490 1481; x_wconf 79' lang='lat' dir='ltr'><strong>urbem</strong></span> <span class='ocrx_word' id='word_1_62' title='bbox 514 1420 684 1504; x_wconf 72' lang='lat' dir='ltr'><strong>penetrat?</strong></span> <span class='ocrx_word' id='word_1_63' title='bbox 712 1422 833 1487; x_wconf 86' lang='lat' dir='ltr'><strong>nedum</strong></span> <span class='ocrx_word' id='word_1_64' title='bbox 857 1432 895 1485; x_wconf 91' lang='lat' dir='ltr'><strong>ut</strong></span> <span class='ocrx_word' id='word_1_65' title='bbox 915 1443 974 1505; x_wconf 84' lang='lat' dir='ltr'><strong>per</strong></span> <span class='ocrx_word' id='word_1_66' title='bbox 994 1432 1041 1487; x_wconf 84' lang='lat' dir='ltr'><strong>tot</strong></span> <span class='ocrx_word' id='word_1_67' title='bbox 1061 1421 1244 1505; x_wconf 82' lang='lat' dir='ltr'><strong>prouincias</strong></span> <span class='ocrx_word' id='word_1_68' title='bbox 1267 1421 1360 1485; x_wconf 86' lang='lat' dir='ltr'><strong>inno·</strong></span> 
     </span>
     <span class='ocr_line' id='line_1_10' title="bbox 377 1526 1361 1612; baseline 0.003 -25"><span class='ocrx_word' id='word_1_69' title='bbox 377 1536 490 1589; x_wconf 73' lang='lat' dir='ltr'><strong>teneat.</strong></span> <span class='ocrx_word' id='word_1_70' title='bbox 529 1539 646 1610; x_wconf 90' lang='lat' dir='ltr'><strong>quotus</strong></span> <span class='ocrx_word' id='word_1_71' title='bbox 676 1529 830 1610; x_wconf 83' lang='lat' dir='ltr'><strong>quiaque,</strong></span> <span class='ocrx_word' id='word_1_72' title='bbox 853 1550 930 1591; x_wconf 84' lang='lat' dir='ltr'><strong>eum.</strong></span> <span class='ocrx_word' id='word_1_73' title='bbox 956 1549 999 1593; x_wconf 84' lang='lat' dir='ltr'><strong>ex</strong></span> <span class='ocrx_word' id='word_1_74' title='bbox 1022 1528 1185 1612; x_wconf 69' lang='lat' dir='ltr'><strong>fflspmia</strong></span> <span class='ocrx_word' id='word_1_75' title='bbox 1205 1528 1261 1591; x_wconf 88' lang='lat' dir='ltr'><strong>uel</strong></span> <span class='ocrx_word' id='word_1_76' title='bbox 1282 1526 1361 1591; x_wconf 83' lang='lat' dir='ltr'><strong>Asia</strong></span> 
     </span>
     <span class='ocr_line' id='line_1_11' title="bbox 381 1632 1360 1720; baseline -0.002 -23"><span class='ocrx_word' id='word_1_77' title='bbox 381 1632 511 1715; x_wconf 81' lang='lat' dir='ltr'><strong>(nequid</strong></span> <span class='ocrx_word' id='word_1_78' title='bbox 532 1635 571 1697; x_wconf 89' lang='lat' dir='ltr'><strong>de</strong></span> <span class='ocrx_word' id='word_1_79' title='bbox 587 1634 691 1701; x_wconf 77' lang='lat' dir='ltr'><strong>Gallis</strong></span> <span class='ocrx_word' id='word_1_80' title='bbox 713 1635 830 1700; x_wconf 80' lang='lat' dir='ltr'><strong>nostris</strong></span> <span class='ocrx_word' id='word_1_81' title='bbox 853 1635 975 1720; x_wconf 85' lang='lat' dir='ltr'><strong>loquar)</strong></span> <span class='ocrx_word' id='word_1_82' title='bbox 996 1635 1030 1702; x_wconf 91' lang='lat' dir='ltr'><strong>in</strong></span> <span class='ocrx_word' id='word_1_83' title='bbox 1052 1635 1168 1699; x_wconf 85' lang='lat' dir='ltr'><strong>urbem</strong></span> <span class='ocrx_word' id='word_1_84' title='bbox 1187 1636 1288 1712; x_wconf 82' lang='lat' dir='ltr'><strong>uenit,</strong></span> <span class='ocrx_word' id='word_1_85' title='bbox 1305 1633 1360 1699; x_wconf 81' lang='lat' dir='ltr'><strong>Sa·</strong></span> 
     </span>
     <span class='ocr_line' id='line_1_12' title="bbox 377 1738 1446 1825; baseline 0 -24"><span class='ocrx_word' id='word_1_86' title='bbox 377 1738 476 1805; x_wconf 87' lang='lat' dir='ltr'><strong>leium</strong></span> <span class='ocrx_word' id='word_1_87' title='bbox 491 1742 630 1805; x_wconf 79' lang='lat' dir='ltr'><strong>Bassum</strong></span> <span class='ocrx_word' id='word_1_88' title='bbox 650 1741 804 1824; x_wconf 74' lang='lat' dir='ltr'><strong>requiriri</strong></span> <span class='ocrx_word' id='word_1_89' title='bbox 826 1752 922 1825; x_wconf 88' lang='lat' dir='ltr'><strong>atque</strong></span> <span class='ocrx_word' id='word_1_90' title='bbox 944 1742 1025 1806; x_wconf 80' lang='lat' dir='ltr'><strong>adeo</strong></span> <span class='ocrx_word' id='word_1_91' title='bbox 1047 1742 1147 1825; x_wconf 84' lang='lat' dir='ltr'><strong>siquis</strong></span> <span class='ocrx_word' id='word_1_92' title='bbox 1163 1742 1308 1825; x_wconf 65' lang='lat' dir='ltr'><strong>requirit,</strong></span> <span class='ocrx_word' id='word_1_93' title='bbox 1326 1750 1362 1803; x_wconf 90' lang='lat' dir='ltr'><strong>ut</strong></span> <span class='ocrx_word' id='word_1_94' title='bbox 1443 1818 1446 1821; x_wconf 21' lang='grc' dir='ltr'>Ι</span> 
     </span>
    </p>

    <p class='ocr_par' dir='ltr' id='par_1_4' title="bbox 343 1847 1580 2449">
     <span class='ocr_line' id='line_1_13' title="bbox 343 1847 1580 1932; baseline 0.002 -24"><span class='ocrx_word' id='word_1_95' title='bbox 343 1882 345 1885; x_wconf 33' lang='lat' dir='ltr'>v</span> <span class='ocrx_word' id='word_1_96' title='bbox 378 1847 479 1910; x_wconf 84' lang='lat' dir='ltr'><strong>semel</strong></span> <span class='ocrx_word' id='word_1_97' title='bbox 503 1848 603 1920; x_wconf 89' lang='lat' dir='ltr'><strong>uidit,</strong></span> <span class='ocrx_word' id='word_1_98' title='bbox 629 1850 744 1913; x_wconf 79' lang='lat' dir='ltr'><strong>transit</strong></span> <span class='ocrx_word' id='word_1_99' title='bbox 767 1861 799 1913; x_wconf 88' lang='lat' dir='ltr'><strong>et</strong></span> <span class='ocrx_word' id='word_1_100' title='bbox 821 1861 992 1915; x_wconf 83' lang='lat' dir='ltr'><strong>contentus</strong></span> <span class='ocrx_word' id='word_1_101' title='bbox 1014 1861 1073 1927; x_wconf 86' lang='lat' dir='ltr'><strong>eat,</strong></span> <span class='ocrx_word' id='word_1_102' title='bbox 1096 1860 1133 1914; x_wconf 89' lang='lat' dir='ltr'><strong>ut</strong></span> <span class='ocrx_word' id='word_1_103' title='bbox 1155 1850 1182 1913; x_wconf 84' lang='lat' dir='ltr'><strong>si</strong></span> <span class='ocrx_word' id='word_1_104' title='bbox 1204 1849 1361 1932; x_wconf 78' lang='lat' dir='ltr'>picturam</span> <span class='ocrx_word' id='word_1_105' title='bbox 1378 1864 1405 1910; x_wconf 80' lang='grc' dir='ltr'><strong>ιο</strong></span> <span class='ocrx_word' id='word_1_106' title='bbox 1488 1867 1491 1873; x_wconf 92' lang='grc'><em>·</em></span> <span class='ocrx_word' id='word_1_107' title='bbox 1576 1860 1580 1871; x_wconf 88' lang='grc'><strong>’</strong></span> 
     </span>
     <span class='ocr_line' id='line_1_14' title="bbox 378 1938 1575 2039; baseline 0.002 -24"><span class='ocrx_word' id='word_1_108' title='bbox 378 1951 519 2035; x_wconf 84' lang='lat' dir='ltr'><strong>aliquam</strong></span> <span class='ocrx_word' id='word_1_109' title='bbox 538 1954 592 2017; x_wconf 85' lang='lat' dir='ltr'><strong>nel</strong></span> <span class='ocrx_word' id='word_1_110' title='bbox 614 1966 755 2021; x_wconf 78' lang='lat' dir='ltr'><strong>statuam</strong></span> <span class='ocrx_word' id='word_1_111' title='bbox 772 1957 917 2020; x_wconf 87' lang='lat' dir='ltr'><strong>uidisset.</strong></span> <span class='ocrx_word' id='word_1_112' title='bbox 950 1977 1055 2039; x_wconf 84' lang='lat' dir='ltr'><strong>neque</strong></span> <span class='ocrx_word' id='word_1_113' title='bbox 1072 1957 1159 2021; x_wconf 87' lang='lat' dir='ltr'><strong>hune</strong></span> <span class='ocrx_word' id='word_1_114' title='bbox 1174 1978 1283 2020; x_wconf 88' lang='lat' dir='ltr'><strong>meum</strong></span> <span class='ocrx_word' id='word_1_115' title='bbox 1297 1976 1361 2018; x_wconf 86' lang='lat' dir='ltr'><strong>ser·</strong></span> <span class='ocrx_word' id='word_1_116' title='bbox 1572 1938 1575 1945; x_wconf 41' lang='lat'><em>¹</em></span> 
     </span>
     <span class='ocr_line' id='line_1_15' title="bbox 377 2060 1361 2145; baseline 0.001 -23"><span class='ocrx_word' id='word_1_117' title='bbox 377 2080 507 2124; x_wconf 82' lang='lat' dir='ltr'><strong>monem</strong></span> <span class='ocrx_word' id='word_1_118' title='bbox 529 2061 574 2124; x_wconf 85' lang='lat' dir='ltr'><strong>sic</strong></span> <span class='ocrx_word' id='word_1_119' title='bbox 597 2060 702 2144; x_wconf 79' lang='lat' dir='ltr'><strong>accipi</strong></span> <span class='ocrx_word' id='word_1_120' title='bbox 725 2063 816 2139; x_wconf 88' lang='lat' dir='ltr'><strong>uolo,</strong></span> <span class='ocrx_word' id='word_1_121' title='bbox 842 2074 1008 2145; x_wconf 79' lang='lat' dir='ltr'><strong>tamquam</strong></span> <span class='ocrx_word' id='word_1_122' title='bbox 1029 2085 1083 2127; x_wconf 82' lang='lat' dir='ltr'><strong>eos</strong></span> <span class='ocrx_word' id='word_1_123' title='bbox 1105 2062 1222 2145; x_wconf 82' lang='lat' dir='ltr'><strong>quibua</strong></span> <span class='ocrx_word' id='word_1_124' title='bbox 1244 2073 1361 2127; x_wconf 84' lang='lat' dir='ltr'><strong>natura</strong></span> 
     </span>
     <span class='ocr_line' id='line_1_16' title="bbox 378 2166 1361 2255; baseline 0.002 -26"><span class='ocrx_word' id='word_1_125' title='bbox 378 2187 436 2229; x_wconf 84' lang='lat' dir='ltr'><strong>sua</strong></span> <span class='ocrx_word' id='word_1_126' title='bbox 452 2167 627 2231; x_wconf 85' lang='lat' dir='ltr'><strong>oratorium</strong></span> <span class='ocrx_word' id='word_1_127' title='bbox 641 2169 812 2252; x_wconf 81' lang='lat' dir='ltr'><strong>ingenium</strong></span> <span class='ocrx_word' id='word_1_128' title='bbox 828 2169 1005 2255; x_wconf 83' lang='lat' dir='ltr'><strong>danegauit</strong></span> <span class='ocrx_word' id='word_1_129' title='bbox 1021 2171 1199 2235; x_wconf 82' lang='lat' dir='ltr'><strong>deterream</strong></span> <span class='ocrx_word' id='word_1_130' title='bbox 1214 2191 1233 2233; x_wconf 86' lang='lat' dir='ltr'><strong>a</strong></span> <span class='ocrx_word' id='word_1_131' title='bbox 1248 2166 1361 2233; x_wconf 87' lang='lat' dir='ltr'><strong>carmi·</strong></span> 
     </span>
     <span class='ocr_line' id='line_1_17' title="bbox 377 2273 1361 2360; baseline 0.001 -24"><span class='ocrx_word' id='word_1_132' title='bbox 377 2273 485 2350; x_wconf 70' lang='lat' dir='ltr'><strong>nibus,</strong></span> <span class='ocrx_word' id='word_1_133' title='bbox 499 2274 527 2338; x_wconf 83' lang='lat' dir='ltr'><strong>si</strong></span> <span class='ocrx_word' id='word_1_134' title='bbox 541 2276 640 2339; x_wconf 86' lang='lat' dir='ltr'><strong>modo</strong></span> <span class='ocrx_word' id='word_1_135' title='bbox 655 2276 690 2342; x_wconf 92' lang='lat' dir='ltr'><strong>in</strong></span> <span class='ocrx_word' id='word_1_136' title='bbox 706 2276 767 2341; x_wconf 86' lang='lat' dir='ltr'><strong>hae</strong></span> <span class='ocrx_word' id='word_1_137' title='bbox 782 2277 962 2341; x_wconf 86' lang='lat' dir='ltr'><strong>studiorum</strong></span> <span class='ocrx_word' id='word_1_138' title='bbox 977 2277 1245 2360; x_wconf 77' lang='lat' dir='ltr'><strong>parte-oblectare</strong></span> <span class='ocrx_word' id='word_1_139' title='bbox 1260 2275 1361 2339; x_wconf 80' lang='lat' dir='ltr'><strong>otium</strong></span> 
     </span>
     <span class='ocr_line' id='line_1_18' title="bbox 536 2409 557 2449; baseline 0 0"><span class='ocrx_word' id='word_1_140' title='bbox 536 2409 557 2449; x_wconf 74' lang='lat' dir='ltr'><strong>a</strong></span> 
     </span>
    </p>
   </div>
   <div class='ocr_carea' id='block_1_3' title="bbox 294 2511 1366 3862">
    <p class='ocr_par' dir='ltr' id='par_1_5' title="bbox 294 2511 1366 3862">
     <span class='ocr_line' id='line_1_19' title="bbox 378 2511 1366 2589; baseline 0.004 -26"><span class='ocrx_word' id='word_1_141' title='bbox 378 2512 411 2562; x_wconf 78' lang='grc'><strong>36</strong></span> <span class='ocrx_word' id='word_1_142' title='bbox 423 2511 572 2566; x_wconf 80' lang='lat' dir='ltr'><strong>deferenda</strong></span> <span class='ocrx_word' id='word_1_143' title='bbox 587 2512 611 2565; x_wconf 81' lang='lat' dir='ltr'><em>C</em></span> <span class='ocrx_word' id='word_1_144' title='bbox 624 2516 628 2578; x_wconf 93' lang='grc' dir='ltr'>Ι</span> <span class='ocrx_word' id='word_1_145' title='bbox 645 2522 735 2569; x_wconf 84' lang='lat' dir='ltr'><strong>cetera</strong></span> <span class='ocrx_word' id='word_1_146' title='bbox 748 2533 799 2569; x_wconf 82' lang='lat' dir='ltr'><strong>om.</strong></span> <span class='ocrx_word' id='word_1_147' title='bbox 812 2517 842 2569; x_wconf 91' lang='lat' dir='ltr'><em>D</em></span> <span class='ocrx_word' id='word_1_148' title='bbox 855 2514 861 2589; x_wconf 83' lang='grc' dir='ltr'>Ι</span> <span class='ocrx_word' id='word_1_149' title='bbox 877 2513 964 2568; x_wconf 86' lang='lat' dir='ltr'><strong>offitia</strong></span> <span class='ocrx_word' id='word_1_150' title='bbox 979 2516 1019 2582; x_wconf 72' lang='grc'><strong>01</strong></span> <span class='ocrx_word' id='word_1_151' title='bbox 1035 2522 1119 2585; x_wconf 79' lang='lat' dir='ltr'><strong>utque</strong></span> <span class='ocrx_word' id='word_1_152' title='bbox 1131 2513 1202 2569; x_wconf 78' lang='lat' dir='ltr'><strong>AB:</strong></span> <span class='ocrx_word' id='word_1_153' title='bbox 1215 2522 1326 2583; x_wconf 85' lang='lat' dir='ltr'><strong>atquae</strong></span> <span class='ocrx_word' id='word_1_154' title='bbox 1342 2514 1366 2567; x_wconf 81' lang='lat' dir='ltr'><em>C</em></span> 
     </span>
     <span class='ocr_line' id='line_1_20' title="bbox 378 2600 1364 2670; baseline 0.002 -21"><span class='ocrx_word' id='word_1_155' title='bbox 378 2614 449 2666; x_wconf 85' lang='lat' dir='ltr'><strong>quae</strong></span> <span class='ocrx_word' id='word_1_156' title='bbox 467 2600 497 2653; x_wconf 92' lang='lat' dir='ltr'><em>D</em></span> <span class='ocrx_word' id='word_1_157' title='bbox 514 2605 542 2651; x_wconf 83' lang='lat' dir='ltr'><strong>et</strong></span> <span class='ocrx_word' id='word_1_158' title='bbox 560 2607 592 2653; x_wconf 80' lang='lat' dir='ltr'><strong>ut</strong></span> <span class='ocrx_word' id='word_1_159' title='bbox 607 2602 636 2655; x_wconf 89' lang='lat' dir='ltr'><em>B</em></span> <span class='ocrx_word' id='word_1_160' title='bbox 650 2603 655 2664; x_wconf 90' lang='grc' dir='ltr'>Ι</span> <span class='ocrx_word' id='word_1_161' title='bbox 671 2602 703 2652; x_wconf 76' lang='grc'><strong>37</strong></span> <span class='ocrx_word' id='word_1_162' title='bbox 717 2617 829 2655; x_wconf 85' lang='lat' dir='ltr'><strong>nemora</strong></span> <span class='ocrx_word' id='word_1_163' title='bbox 845 2609 873 2654; x_wconf 86' lang='lat' dir='ltr'><strong>et</strong></span> <span class='ocrx_word' id='word_1_164' title='bbox 891 2601 979 2667; x_wconf 82' lang='lat' dir='ltr'><strong>lucos]</strong></span> <span class='ocrx_word' id='word_1_165' title='bbox 995 2600 1102 2655; x_wconf 69' lang='lat' dir='ltr'><strong>Plinius</strong></span> <span class='ocrx_word' id='word_1_166' title='bbox 1120 2600 1195 2670; x_wconf 68' lang='lat' dir='ltr'><strong>epira.</strong></span> <span class='ocrx_word' id='word_1_167' title='bbox 1208 2600 1267 2662; x_wconf 85' lang='lat' dir='ltr'><strong>IX,</strong></span> <span class='ocrx_word' id='word_1_168' title='bbox 1283 2602 1314 2651; x_wconf 82' lang='lat' dir='ltr'><strong>ln</strong></span> <span class='ocrx_word' id='word_1_169' title='bbox 1328 2600 1364 2651; x_wconf 83' lang='lat' dir='ltr'><strong>ad</strong></span> 
     </span>
     <span class='ocr_line' id='line_1_21' title="bbox 383 2682 1362 2763; baseline 0.001 -29"><span class='ocrx_word' id='word_1_170' title='bbox 383 2682 504 2763; x_wconf 62' lang='lat' dir='ltr'><strong>Taeftum</strong></span> <span class='ocrx_word' id='word_1_171' title='bbox 523 2686 601 2737; x_wconf 69' lang='lat' dir='ltr'><strong>datm</strong></span> <span class='ocrx_word' id='word_1_172' title='bbox 620 2684 714 2754; x_wconf 87' lang='lat' dir='ltr'><strong>itaque</strong></span> <span class='ocrx_word' id='word_1_173' title='bbox 733 2693 858 2756; x_wconf 87' lang='lat' dir='ltr'><strong>poemata</strong></span> <span class='ocrx_word' id='word_1_174' title='bbox 871 2686 1025 2755; x_wconf 85' lang='lat' dir='ltr'><strong>quieseunt,</strong></span> <span class='ocrx_word' id='word_1_175' title='bbox 1041 2705 1110 2757; x_wconf 87' lang='lat' dir='ltr'><strong>quae</strong></span> <span class='ocrx_word' id='word_1_176' title='bbox 1122 2696 1153 2740; x_wconf 83' lang='lat' dir='ltr'><strong>tu</strong></span> <span class='ocrx_word' id='word_1_177' title='bbox 1166 2686 1237 2738; x_wconf 86' lang='lat' dir='ltr'><strong>inter</strong></span> <span class='ocrx_word' id='word_1_178' title='bbox 1250 2700 1362 2736; x_wconf 83' lang='lat' dir='ltr'><strong>nemora</strong></span> 
     </span>
     <span class='ocr_line' id='line_1_22' title="bbox 377 2766 1361 2842; baseline 0.003 -23"><span class='ocrx_word' id='word_1_179' title='bbox 377 2775 405 2820; x_wconf 83' lang='lat' dir='ltr'><strong>et</strong></span> <span class='ocrx_word' id='word_1_180' title='bbox 417 2766 494 2821; x_wconf 79' lang='lat' dir='ltr'><strong>lucos</strong></span> <span class='ocrx_word' id='word_1_181' title='bbox 507 2769 728 2824; x_wconf 78' lang='lat' dir='ltr'><strong>commodissime</strong></span> <span class='ocrx_word' id='word_1_182' title='bbox 740 2771 832 2841; x_wconf 85' lang='lat' dir='ltr'><strong>perfici</strong></span> <span class='ocrx_word' id='word_1_183' title='bbox 845 2779 936 2842; x_wconf 77' lang='lat' dir='ltr'><strong>putea.</strong></span> <span class='ocrx_word' id='word_1_184' title='bbox 951 2773 979 2825; x_wconf 95' lang='grc' dir='ltr'><strong><em>Β</em></strong></span> <span class='ocrx_word' id='word_1_185' title='bbox 991 2772 1019 2825; x_wconf 79' lang='lat' dir='ltr'><strong>in</strong></span> <span class='ocrx_word' id='word_1_186' title='bbox 1031 2789 1117 2839; x_wconf 74' lang='lat' dir='ltr'><strong>marp.</strong></span> <span class='ocrx_word' id='word_1_187' title='bbox 1133 2770 1273 2838; x_wconf 67' lang='lat' dir='ltr'><strong>adempsit</strong></span> <span class='ocrx_word' id='word_1_188' title='bbox 1285 2768 1361 2822; x_wconf 88' lang='lat' dir='ltr'><strong>Silua</strong></span> 
     </span>
     <span class='ocr_line' id='line_1_23' title="bbox 377 2853 1359 2928; baseline 0.004 -22"><span class='ocrx_word' id='word_1_189' title='bbox 377 2853 468 2924; x_wconf 84' lang='lat' dir='ltr'><strong>placet</strong></span> <span class='ocrx_word' id='word_1_190' title='bbox 476 2854 564 2908; x_wconf 78' lang='lat' dir='ltr'><strong>musis</strong></span> <span class='ocrx_word' id='word_1_191' title='bbox 580 2857 585 2924; x_wconf 81' lang='grc' dir='ltr'>Ι</span> <span class='ocrx_word' id='word_1_192' title='bbox 600 2855 628 2908; x_wconf 91' lang='lat' dir='ltr'><strong>id</strong></span> <span class='ocrx_word' id='word_1_193' title='bbox 642 2856 722 2910; x_wconf 85' lang='lat' dir='ltr'><strong>estin</strong></span> <span class='ocrx_word' id='word_1_194' title='bbox 733 2856 909 2911; x_wconf 84' lang='lat' dir='ltr'><strong>solitudinem</strong></span> <span class='ocrx_word' id='word_1_195' title='bbox 920 2859 1051 2927; x_wconf 75' lang='lat' dir='ltr'><strong>qloaaema</strong></span> <span class='ocrx_word' id='word_1_196' title='bbox 1057 2861 1139 2928; x_wconf 75' lang='lat' dir='ltr'><strong>putat</strong></span> <span class='ocrx_word' id='word_1_197' title='bbox 1148 2855 1359 2927; x_wconf 69' lang='lat' dir='ltr'><strong>Lanpiaeaerm.</strong></span> 
     </span>
     <span class='ocr_line' id='line_1_24' title="bbox 378 2937 1244 3009; baseline 0.002 -16"><span class='ocrx_word' id='word_1_198' title='bbox 378 2937 455 2993; x_wconf 71' lang='lat' dir='ltr'><strong>Salar.</strong></span> <span class='ocrx_word' id='word_1_199' title='bbox 465 2958 496 3009; x_wconf 80' lang='lat' dir='ltr'><strong>p.</strong></span> <span class='ocrx_word' id='word_1_200' title='bbox 514 2946 527 2992; x_wconf 86' lang='lat'>7</span> <span class='ocrx_word' id='word_1_201' title='bbox 543 2941 547 3009; x_wconf 91' lang='grc' dir='ltr'>Ι</span> <span class='ocrx_word' id='word_1_202' title='bbox 565 2941 750 2995; x_wconf 78' lang='lat' dir='ltr'><strong>recedendum</strong></span> <span class='ocrx_word' id='word_1_203' title='bbox 763 2942 896 2997; x_wconf 73' lang='lat' dir='ltr'><strong>Schedius:</strong></span> <span class='ocrx_word' id='word_1_204' title='bbox 910 2942 1094 2998; x_wconf 84' lang='lat' dir='ltr'><strong>recedendum</strong></span> <span class='ocrx_word' id='word_1_205' title='bbox 1105 2943 1244 2998; x_wconf 80' lang='lat' dir='ltr'><em>ABODE</em></span> 
     </span>
     <span class='ocr_line' id='line_1_25' title="bbox 344 3019 1362 3100; baseline 0.002 -24"><span class='ocrx_word' id='word_1_206' title='bbox 344 3019 347 3024; x_wconf 76' lang='grc'><strong>’</strong></span> <span class='ocrx_word' id='word_1_207' title='bbox 449 3027 461 3076; x_wconf 88' lang='grc'>1</span> <span class='ocrx_word' id='word_1_208' title='bbox 476 3025 556 3091; x_wconf 78' lang='lat' dir='ltr'><strong>fama]</strong></span> <span class='ocrx_word' id='word_1_209' title='bbox 571 3026 600 3079; x_wconf 96' lang='grc' dir='ltr'><strong><em>Β</em></strong></span> <span class='ocrx_word' id='word_1_210' title='bbox 609 3026 638 3080; x_wconf 80' lang='lat' dir='ltr'><strong>ia</strong></span> <span class='ocrx_word' id='word_1_211' title='bbox 649 3045 736 3095; x_wconf 73' lang='lat' dir='ltr'><strong>marq.</strong></span> <span class='ocrx_word' id='word_1_212' title='bbox 744 3029 883 3098; x_wconf 64' lang='lat' dir='ltr'><strong>adempsit</strong></span> <span class='ocrx_word' id='word_1_213' title='bbox 895 3027 970 3087; x_wconf 83' lang='lat' dir='ltr'><strong>Quid</strong></span> <span class='ocrx_word' id='word_1_214' title='bbox 985 3029 1126 3100; x_wconf 70' lang='lat' dir='ltr'><strong>quaeritne</strong></span> <span class='ocrx_word' id='word_1_215' title='bbox 1139 3027 1224 3082; x_wconf 80' lang='lat' dir='ltr'><strong>meris</strong></span> <span class='ocrx_word' id='word_1_216' title='bbox 1237 3026 1291 3080; x_wconf 82' lang='lat' dir='ltr'><strong>nisi</strong></span> <span class='ocrx_word' id='word_1_217' title='bbox 1302 3032 1362 3080; x_wconf 84' lang='lat' dir='ltr'><strong>tan-</strong></span> 
     </span>
     <span class='ocr_line' id='line_1_26' title="bbox 294 3110 1361 3186; baseline 0.007 -24"><span class='ocrx_word' id='word_1_218' title='bbox 294 3153 296 3156; x_wconf 95' lang='lat'>.</span> <span class='ocrx_word' id='word_1_219' title='bbox 378 3118 437 3164; x_wconf 86' lang='lat' dir='ltr'><strong>tum</strong></span> <span class='ocrx_word' id='word_1_220' title='bbox 449 3110 522 3165; x_wconf 80' lang='lat' dir='ltr'><strong>sama</strong></span> <span class='ocrx_word' id='word_1_221' title='bbox 533 3112 644 3182; x_wconf 72' lang='lat' dir='ltr'><strong>poeria?</strong></span> <span class='ocrx_word' id='word_1_222' title='bbox 664 3112 749 3178; x_wconf 68' lang='lat' dir='ltr'><strong>[Ouid</strong></span> <span class='ocrx_word' id='word_1_223' title='bbox 759 3121 814 3166; x_wconf 82' lang='lat' dir='ltr'><strong>art.</strong></span> <span class='ocrx_word' id='word_1_224' title='bbox 825 3132 879 3166; x_wconf 79' lang='lat' dir='ltr'><strong>aar.</strong></span> <span class='ocrx_word' id='word_1_225' title='bbox 887 3114 951 3180; x_wconf 90' lang='lat' dir='ltr'><strong>HI,</strong></span> <span class='ocrx_word' id='word_1_226' title='bbox 967 3119 1026 3181; x_wconf 74' lang='grc'><strong>404]</strong></span> <span class='ocrx_word' id='word_1_227' title='bbox 1045 3116 1049 3185; x_wconf 84' lang='grc' dir='ltr'>Ι</span> <span class='ocrx_word' id='word_1_228' title='bbox 1065 3118 1080 3167; x_wconf 84' lang='grc'>2</span> <span class='ocrx_word' id='word_1_229' title='bbox 1094 3113 1232 3186; x_wconf 81' lang='lat' dir='ltr'><strong>praecium</strong></span> <span class='ocrx_word' id='word_1_230' title='bbox 1244 3115 1273 3168; x_wconf 91' lang='grc' dir='ltr'><strong><em>Β</em></strong></span> <span class='ocrx_word' id='word_1_231' title='bbox 1284 3129 1361 3182; x_wconf 80' lang='lat' dir='ltr'><strong>prae·</strong></span> 
     </span>
     <span class='ocr_line' id='line_1_27' title="bbox 378 3195 1361 3269; baseline -0.001 -20"><span class='ocrx_word' id='word_1_232' title='bbox 378 3195 446 3250; x_wconf 86' lang='lat' dir='ltr'><strong>tium</strong></span> <span class='ocrx_word' id='word_1_233' title='bbox 463 3196 516 3249; x_wconf 79' lang='lat'><strong>01)</strong></span> <span class='ocrx_word' id='word_1_234' title='bbox 530 3201 534 3263; x_wconf 80' lang='grc' dir='ltr'>Ι</span> <span class='ocrx_word' id='word_1_235' title='bbox 551 3197 639 3250; x_wconf 80' lang='lat' dir='ltr'><strong>omnis</strong></span> <span class='ocrx_word' id='word_1_236' title='bbox 651 3201 718 3253; x_wconf 78' lang='lat' dir='ltr'><strong>AE:</strong></span> <span class='ocrx_word' id='word_1_237' title='bbox 732 3215 826 3251; x_wconf 83' lang='lat' dir='ltr'><strong>omnes</strong></span> <span class='ocrx_word' id='word_1_238' title='bbox 840 3199 861 3253; x_wconf 84' lang='lat' dir='ltr'>C</span> <span class='ocrx_word' id='word_1_239' title='bbox 873 3199 963 3269; x_wconf 88' lang='lat' dir='ltr'><strong>inquit</strong></span> <span class='ocrx_word' id='word_1_240' title='bbox 975 3203 1115 3267; x_wconf 67' lang='lat' dir='ltr'><strong>ornnem,</strong></span> <span class='ocrx_word' id='word_1_241' title='bbox 1123 3219 1172 3253; x_wconf 87' lang='lat' dir='ltr'><strong>om.</strong></span> <span class='ocrx_word' id='word_1_242' title='bbox 1183 3203 1211 3255; x_wconf 92' lang='grc' dir='ltr'><strong><em>Β</em></strong></span> <span class='ocrx_word' id='word_1_243' title='bbox 1226 3200 1230 3269; x_wconf 85' lang='grc' dir='ltr'>Ι</span> <span class='ocrx_word' id='word_1_244' title='bbox 1246 3201 1261 3250; x_wconf 87' lang='grc'><strong>3</strong></span> <span class='ocrx_word' id='word_1_245' title='bbox 1275 3214 1361 3266; x_wconf 82' lang='lat' dir='ltr'><strong>aeque</strong></span> 
     </span>
     <span class='ocr_line' id='line_1_28' title="bbox 376 3283 1359 3357; baseline 0.002 -24"><span class='ocrx_word' id='word_1_246' title='bbox 376 3301 411 3352; x_wconf 81' lang='lat' dir='ltr'><strong>p:</strong></span> <span class='ocrx_word' id='word_1_247' title='bbox 425 3289 508 3352; x_wconf 84' lang='lat' dir='ltr'><strong>atque</strong></span> <span class='ocrx_word' id='word_1_248' title='bbox 519 3283 672 3351; x_wconf 79' lang='lat' dir='ltr'><em>ABCDEl</em></span> <span class='ocrx_word' id='word_1_249' title='bbox 689 3284 813 3353; x_wconf 83' lang='lat' dir='ltr'><strong>sequitur</strong></span> <span class='ocrx_word' id='word_1_250' title='bbox 828 3284 919 3339; x_wconf 81' lang='lat' dir='ltr'><em>ODE:</em></span> <span class='ocrx_word' id='word_1_251' title='bbox 936 3286 1144 3357; x_wconf 79' lang='lat' dir='ltr'><strong>[ianequiturA</strong></span> <span class='ocrx_word' id='word_1_252' title='bbox 1157 3283 1359 3355; x_wconf 66' lang='lat' dir='ltr'><strong>insequiturBi</strong></span> 
     </span>
     <span class='ocr_line' id='line_1_29' title="bbox 298 3358 1361 3442; baseline 0.001 -23"><span class='ocrx_word' id='word_1_253' title='bbox 298 3366 301 3373; x_wconf 88' lang='lat'>&#39;</span> <span class='ocrx_word' id='word_1_254' title='bbox 379 3369 394 3418; x_wconf 80' lang='lat'>5</span> <span class='ocrx_word' id='word_1_255' title='bbox 407 3366 618 3421; x_wconf 80' lang='lat' dir='ltr'><strong>clarissimarum</strong></span> <span class='ocrx_word' id='word_1_256' title='bbox 631 3370 767 3423; x_wconf 79' lang='lat' dir='ltr'><strong>Steinerae</strong></span> <span class='ocrx_word' id='word_1_257' title='bbox 774 3388 869 3440; x_wconf 75' lang='lat' dir='ltr'><strong>propr.</strong></span> <span class='ocrx_word' id='word_1_258' title='bbox 888 3370 1030 3426; x_wconf 71' lang='lat' dir='ltr'><strong>Onerariae.</strong></span> <span class='ocrx_word' id='word_1_259' title='bbox 1045 3391 1071 3426; x_wconf 89' lang='lat' dir='ltr'><strong>a.</strong></span> <span class='ocrx_word' id='word_1_260' title='bbox 1085 3358 1149 3425; x_wconf 84' lang='grc'>1863</span> <span class='ocrx_word' id='word_1_261' title='bbox 1157 3390 1188 3442; x_wconf 80' lang='lat' dir='ltr'><strong>p.</strong></span> <span class='ocrx_word' id='word_1_262' title='bbox 1198 3374 1230 3423; x_wconf 75' lang='lat'><strong>25</strong></span> <span class='ocrx_word' id='word_1_263' title='bbox 1243 3368 1361 3440; x_wconf 84' lang='lat' dir='ltr'><strong>praeela-</strong></span> 
     </span>
     <span class='ocr_line' id='line_1_30' title="bbox 378 3447 1360 3522; baseline 0 -15"><span class='ocrx_word' id='word_1_264' title='bbox 378 3452 546 3509; x_wconf 82' lang='lat' dir='ltr'><strong>riarimarum</strong></span> <span class='ocrx_word' id='word_1_265' title='bbox 559 3454 713 3509; x_wconf 68' lang='lat' dir='ltr'><strong>Halmius*</strong></span> <span class='ocrx_word' id='word_1_266' title='bbox 728 3462 733 3522; x_wconf 83' lang='grc' dir='ltr'>Ι</span> <span class='ocrx_word' id='word_1_267' title='bbox 749 3456 880 3511; x_wconf 76' lang='lat' dir='ltr'><strong>anedum</strong></span> <span class='ocrx_word' id='word_1_268' title='bbox 894 3456 909 3509; x_wconf 85' lang='lat' dir='ltr'><em>b</em></span> <span class='ocrx_word' id='word_1_269' title='bbox 922 3458 966 3512; x_wconf 78' lang='lat' dir='ltr'><strong>ed·</strong></span> <span class='ocrx_word' id='word_1_270' title='bbox 976 3458 1077 3512; x_wconf 75' lang='lat' dir='ltr'><strong>Aldina</strong></span> <span class='ocrx_word' id='word_1_271' title='bbox 1094 3476 1119 3511; x_wconf 85' lang='lat' dir='ltr'><strong>a.</strong></span> <span class='ocrx_word' id='word_1_272' title='bbox 1137 3447 1218 3509; x_wconf 61' lang='lat' dir='ltr'><strong>irrata</strong></span> <span class='ocrx_word' id='word_1_273' title='bbox 1239 3453 1360 3509; x_wconf 86' lang='lat' dir='ltr'><strong>medium</strong></span> 
     </span>
     <span class='ocr_line' id='line_1_31' title="bbox 377 3539 1361 3615; baseline -0.003 -20"><span class='ocrx_word' id='word_1_274' title='bbox 377 3539 513 3595; x_wconf 78' lang='lat' dir='ltr'><em>ABODE</em></span> <span class='ocrx_word' id='word_1_275' title='bbox 527 3547 645 3594; x_wconf 85' lang='lat' dir='ltr'><strong>metrum</strong></span> <span class='ocrx_word' id='word_1_276' title='bbox 656 3561 678 3611; x_wconf 80' lang='lat' dir='ltr'><strong>p</strong></span> <span class='ocrx_word' id='word_1_277' title='bbox 694 3542 698 3611; x_wconf 89' lang='grc' dir='ltr'>Ι</span> <span class='ocrx_word' id='word_1_278' title='bbox 714 3542 865 3613; x_wconf 65' lang='lat' dir='ltr'><strong>promritus</strong></span> <span class='ocrx_word' id='word_1_279' title='bbox 882 3544 914 3598; x_wconf 89' lang='lat' dir='ltr'><strong><em>D</em></strong></span> <span class='ocrx_word' id='word_1_280' title='bbox 929 3544 1040 3615; x_wconf 70' lang='lat' dir='ltr'><strong>(ubique)</strong></span> <span class='ocrx_word' id='word_1_281' title='bbox 1059 3548 1062 3610; x_wconf 81' lang='grc'>1</span> <span class='ocrx_word' id='word_1_282' title='bbox 1080 3548 1189 3613; x_wconf 73' lang='grc' dir='ltr'>ῖᾳυοιη</span> <span class='ocrx_word' id='word_1_283' title='bbox 1207 3543 1245 3610; x_wconf 82' lang='grc'><strong>01</strong></span> <span class='ocrx_word' id='word_1_284' title='bbox 1261 3540 1289 3594; x_wconf 88' lang='lat' dir='ltr'><strong>iu</strong></span> <span class='ocrx_word' id='word_1_285' title='bbox 1302 3539 1361 3608; x_wconf 75' lang='lat' dir='ltr'><strong>H)-</strong></span> 
     </span>
     <span class='ocr_line' id='line_1_32' title="bbox 380 3623 1361 3699; baseline 0.001 -23"><span class='ocrx_word' id='word_1_286' title='bbox 380 3624 475 3694; x_wconf 83' lang='lat' dir='ltr'><strong>apania</strong></span> <span class='ocrx_word' id='word_1_287' title='bbox 487 3626 517 3678; x_wconf 93' lang='lat' dir='ltr'><em>D</em></span> <span class='ocrx_word' id='word_1_288' title='bbox 532 3627 536 3694; x_wconf 90' lang='grc' dir='ltr'>Ι</span> <span class='ocrx_word' id='word_1_289' title='bbox 552 3628 567 3679; x_wconf 86' lang='grc'>8</span> <span class='ocrx_word' id='word_1_290' title='bbox 582 3624 680 3681; x_wconf 74' lang='lat' dir='ltr'><strong>Galliis</strong></span> <span class='ocrx_word' id='word_1_291' title='bbox 698 3629 881 3699; x_wconf 76' lang='lat' dir='ltr'><strong>Sedultirrpr&#39;aa</strong></span> <span class='ocrx_word' id='word_1_292' title='bbox 896 3630 900 3698; x_wconf 88' lang='grc' dir='ltr'>Ι</span> <span class='ocrx_word' id='word_1_293' title='bbox 915 3629 1013 3699; x_wconf 83' lang='lat' dir='ltr'><strong>loquor</strong></span> <span class='ocrx_word' id='word_1_294' title='bbox 1031 3629 1062 3681; x_wconf 91' lang='lat' dir='ltr'><em>D</em></span> <span class='ocrx_word' id='word_1_295' title='bbox 1076 3629 1081 3699; x_wconf 64' lang='lat' dir='ltr'><strong>i</strong></span> <span class='ocrx_word' id='word_1_296' title='bbox 1101 3628 1237 3684; x_wconf 74' lang='lat' dir='ltr'><strong>Salarium</strong></span> <span class='ocrx_word' id='word_1_297' title='bbox 1253 3629 1282 3682; x_wconf 91' lang='lat' dir='ltr'><em>B</em></span> <span class='ocrx_word' id='word_1_298' title='bbox 1301 3623 1361 3677; x_wconf 85' lang='lat' dir='ltr'><strong>Sal-</strong></span> 
     </span>
     <span class='ocr_line' id='line_1_33' title="bbox 379 3709 1360 3784; baseline 0 -21"><span class='ocrx_word' id='word_1_299' title='bbox 379 3709 428 3763; x_wconf 88' lang='lat' dir='ltr'><strong>tim</strong></span> <span class='ocrx_word' id='word_1_300' title='bbox 444 3712 468 3766; x_wconf 77' lang='lat'><em>0</em></span> <span class='ocrx_word' id='word_1_301' title='bbox 491 3712 495 3778; x_wconf 91' lang='grc' dir='ltr'>Ι</span> <span class='ocrx_word' id='word_1_302' title='bbox 522 3714 538 3764; x_wconf 82' lang='lat'>9</span> <span class='ocrx_word' id='word_1_303' title='bbox 551 3714 796 3784; x_wconf 87' lang='lat' dir='ltr'><strong>atque—requirit</strong></span> <span class='ocrx_word' id='word_1_304' title='bbox 808 3715 899 3768; x_wconf 88' lang='lat' dir='ltr'><strong>om.D</strong></span> <span class='ocrx_word' id='word_1_305' title='bbox 925 3716 930 3784; x_wconf 72' lang='lat'>1</span> <span class='ocrx_word' id='word_1_306' title='bbox 957 3723 989 3771; x_wconf 87' lang='lat' dir='ltr'><strong>ut</strong></span> <span class='ocrx_word' id='word_1_307' title='bbox 1000 3714 1154 3770; x_wconf 73' lang='lat' dir='ltr'><strong>Acidalirn:</strong></span> <span class='ocrx_word' id='word_1_308' title='bbox 1168 3722 1195 3767; x_wconf 84' lang='lat' dir='ltr'><strong>et</strong></span> <span class='ocrx_word' id='word_1_309' title='bbox 1206 3710 1360 3778; x_wconf 68' lang='lat' dir='ltr'><strong>ABODat</strong></span> 
     </span>
     <span class='ocr_line' id='line_1_34' title="bbox 381 3797 786 3862; baseline 0.015 -15"><span class='ocrx_word' id='word_1_310' title='bbox 381 3797 412 3847; x_wconf 83' lang='grc'><strong>10</strong></span> <span class='ocrx_word' id='word_1_311' title='bbox 425 3803 531 3848; x_wconf 81' lang='lat' dir='ltr'><strong>esrom.</strong></span> <span class='ocrx_word' id='word_1_312' title='bbox 546 3797 576 3849; x_wconf 91' lang='lat' dir='ltr'><em>D</em></span> <span class='ocrx_word' id='word_1_313' title='bbox 591 3801 595 3862; x_wconf 94' lang='grc' dir='ltr'>Ι</span> <span class='ocrx_word' id='word_1_314' title='bbox 613 3801 644 3853; x_wconf 85' lang='grc'><strong>14</strong></span> <span class='ocrx_word' id='word_1_315' title='bbox 658 3799 746 3852; x_wconf 82' lang='lat' dir='ltr'><strong>ocium</strong></span> <span class='ocrx_word' id='word_1_316' title='bbox 759 3801 786 3853; x_wconf 92' lang='lat' dir='ltr'><em>B</em></span> 
     </span>
    </p>
   </div>
   <div class='ocr_carea' id='block_1_4' title="bbox 0 0 1589 4758">
    <p class='ocr_par' dir='ltr' id='par_1_6' title="bbox 0 0 1589 4758">
     <span class='ocr_line' id='line_1_35' title="bbox 0 0 1589 4758; baseline 0 0"><span class='ocrx_word' id='word_1_317' title='bbox 0 0 1589 4758; x_wconf 95' lang='lat' dir='ltr'><strong> </strong></span> 
     </span>
    </p>
   </div>
  </div>
 </body>
</html>
