3168 4758
722 542 1027 591 ...xx-..-

382 700 399 744 4
471 700 562 748 44444444
580 700 619 750 die
639 701 700 749 tm.
716 700 783 750 Nou.
808 702 840 763 (4.
865 701 973 761 titur).
1007 703 1190 766 ....quidam
1215 705 1368 756 monachus

385 783 492 834 amicus
506 798 582 833 meus
595 798 627 834 04
641 785 760 849 quodam
776 787 940 858 monasterio
954 788 1121 849 Germaniae,
1143 791 1188 853 qui
1209 789 1273 839 olim
1287 804 1301 838 a
1316 803 1367 840 no-

385 868 426 919 bis
444 869 568 930 recessit,
589 870 623 920 ad
643 883 684 920 me
703 873 775 921 misit
795 872 899 922 litteras
917 884 988 936 quas
1006 875 1106 924 nudius
1125 880 1239 939 quartus
1253 876 1363 938 accepi,

383 968 432 1019 per
445 969 515 1020 quas
534 955 627 1005 scribit
645 969 674 1006 se
687 960 823 1021 reperisse
842 959 932 1024 aliqua
952 959 1092 1029 uolumina
1111 960 1145 1009 de
1165 962 1275 1021 nostris,
1295 975 1366 1025 quae

383 1045 540 1105 permutare
558 1043 642 1093 uellet
661 1058 722 1094 cum
738 1045 853 1095 nouella
863 1042 971 1094 loannis
984 1045 1108 1094 Andreae
1121 1045 1163 1095 uel
1178 1049 1236 1095 turn
1252 1048 1365 1110 speculo

381 1137 440 1193 pum
454 1128 651 1190 additionibus,
666 1134 694 1181 et
708 1132 817 1182 nomina
831 1130 964 1180 librorum
980 1130 1064 1180 mittit
1077 1131 1235 1182 interclusa.
1264 1146 1364 1197 specu-

370 1215 440 1262 'tum
453 1217 480 1262 et
492 1213 643 1266 additiones
657 1220 721 1268 sunt
735 1217 872 1267 uolumina
889 1217 977 1279 magni
991 1218 1082 1281 pretii;
1098 1218 1159 1269 ideo
1174 1218 1266 1269 uideas
1280 1220 1302 1267 si
1317 1218 1365 1268 tibi

385 1302 547 1364 permutatio
562 1303 669 1352 uidetur
682 1302 813 1354 iacienda.
848 1304 917 1353 inter
930 1317 961 1353 ea
975 1305 1113 1354 notamina
1127 1307 1169 1354 est
1182 1296 1266 1354 lulius
1281 1305 1366 1354 Fron-

384 1387 457 1437 tinus
474 1390 501 1436 et
518 1388 609 1451 aliqua
629 1402 711 1452 opera
731 1370 847 1440 Cornelii
868 1391 953 1440 Taciti
973 1390 1053 1440 nobis
1073 1393 1177 1453 ignota;
1197 1389 1306 1440 uidebis
1324 1391 1366 1439 iu·
1455 1406 1459 1411 ·

385 1475 539 1523 uentarium
559 1478 585 1522 et
604 1488 720 1537 quaeres
738 1475 782 1525 illa
800 1475 940 1526 uolumina
964 1476 1058 1538 legalia
1072 1478 1093 1527 si
1109 1477 1223 1540 reperiri
1237 1481 1366 1541 poterunt

384 1562 529 1611 commodo
542 1561 637 1626 pretio.
670 1561 732 1611 libri
753 1565 887 1625 ponentur
907 1562 934 1609 in
949 1561 1137 1625 Nurimbcrga‚
1158 1576 1213 1626 quo
1227 1566 1255 1613 et
1267 1562 1365 1612 deterri

383 1647 484 1698 debent
504 1642 645 1711 speculum
665 1649 691 1696 et
711 1646 879 1708 additiones,
905 1651 933 1696 et
952 1649 1047 1697 exinde
1071 1662 1167 1711 magna
1187 1650 1229 1699 est
1252 1648 1367 1699 facultas
1409 1710 1414 1715 ν

384 1734 467 1784 libros
481 1733 643 1793 aduehendi,
660 1736 690 1783 ut
703 1732 810 1783 uidebis
823 1746 871 1798 per
883 1734 1074 1784 inuentarium.
1096 1735 1163 1784 baec
1176 1739 1217 1784 est
1230 1735 1365 1798 panionia

383 1822 529 1884 quaedam,
549 1834 611 1870 nam
627 1819 703 1870 multi
714 1810 760 1869 'alii
774 1822 891 1877 restant;
912 1820 1007 1869 scribit
1020 1822 1091 1869 enim
1106 1822 1131 1869 in
1146 1821 1221 1870 hunc
1234 1820 1363 1870 momuu:

380 1902 472 1957 ‘sicuti
491 1907 556 1956 mibi
575 1907 752 1971 supplicastis
772 1906 805 1954 de
826 1907 946 1956 notando
960 1909 1064 1969 poetas,
1081 1908 1111 1955 ut
1124 1919 1155 1955 ex
1168 1907 1211 1956 his
1230 1908 1365 1970 eligeretis

383 1995 429 2057 qui
444 1992 523 2043 uobis
537 1993 683 2056 placerent,
699 1993 789 2042 inueni
804 1992 912 2051 multos,
927 2005 942 2041 e
955 1991 1055 2055 quibus
1069 1992 1164 2055 collegi
1177 1992 1283 2056 aliquos
1295 2006 1366 2056 qrros

295 2138 298 2145 ,
383 2081 408 2128 in
422 2079 517 2129 cedula
530 2079 581 2128 hac
595 2079 697 2129 inclusa
712 2073 1051 2142 reperietis'.·miNicoiae,
1066 2078 1187 2127 rescribe
1201 2079 1268 2128 mihi
1281 2092 1363 2143 quam

383 2167 501 2230 primum
515 2165 581 2228 quid
595 2152 775 2229 respondeam
789 2165 821 2224 ei,
838 2168 869 2212 ut
882 2168 929 2213 tuo
942 2166 1056 2215 consitio
1069 2165 1136 2214 fiant
1150 2167 1250 2215 omnia.
1271 2166 1308 2216 nil
1322 2179 1365 2215 mc

384 2256 476 2302 mouet
489 2254 596 2314 praeter
611 2263 696 2314 pauca
710 2248 781 2313 duae
795 2254 822 2299 tu
836 2252 894 2314 ipse
909 2251 1027 2311 notabis.
1050 2254 1084 2314 ip.
1102 2255 1170 2313 464.)

384 2353 398 2397 4
473 2350 580 2408 idumaei
596 2349 620 2396 d.
639 2350 669 2393 44
683 2361 717 2395 m.
735 2347 794 2397 Dec.
816 2348 846 2409 (a.
863 2349 951 2408 4445).
1052 2346 1085 2396 ad
1105 2348 1224 2396 amicum
1240 2348 1364 2395 nostrum

383 2448 432 2500 pro
447 2434 524 2484 libris
539 2434 598 2482 misi
613 2433 690 2482 binas
704 2432 807 2482 litteras
820 2437 846 2480 et
860 2433 970 2496 quidem
984 2433 1101 2483 diuersis
1116 2433 1226 2492 nuntiis,
1242 2433 1306 2496 quin
1320 2446 1365 2481 or-

382 2521 473 2570 dinaui
487 2525 526 2578 ut,
542 2533 604 2569 cum
618 2518 724 2568 litterae
737 2523 828 2567 essent
841 2518 866 2566 in
875 2519 1063 2580 Nurimberga,
1075 2519 1244 2568 deterrentur
1257 2517 1289 2566 ad
1304 2532 1365 2567 mo-

383 2609 532 2666 nasterium
556 2619 602 2668 per
621 2604 739 2668 aliquam
759 2604 806 2667 qui
825 2617 986 2669 responsum
1007 2602 1129 2674 rele'rret,
1151 2603 1223 2653 etad
1239 2604 1263 2653 id
1278 2617 1360 2668 pecu-

383 2695 456 2743 niam
476 2692 705 2757 paraclitoque
724 2704 806 2753 quam
825 2693 943 2755 primum
963 2705 1044 2756 spero
1063 2705 1112 2741 nos
1131 2692 1249 2741 scituros
1262 2690 1363 2753 aliquid

382 2782 492 2831 certius.
517 2780 548 2842 (p.
567 2782 636 2842 ⁴72.)
1217 2784 1222 2793 ¹

384 2881 395 2937 t
467 2878 559 2926 Itomae
575 2877 664 2927 Vidua
677 2876 748 2926 Febr.
769 2878 803 2938 (a.
822 2874 907 2935 4446).
925 2910 947 2924 ..
961 2912 982 2924 ..
999 2886 1032 2923 ex
1045 2875 1189 2924 Germania
1203 2888 1363 2939 responsum

382 2967 425 3012 est
438 2962 502 3010 mihi
517 2963 621 3021 litteras
633 2962 693 3012 illas
706 2975 767 3012 esse
781 2960 912 3010 redditas.
945 2972 1026 3024 spero
1046 2961 1128 3022 igitur
1147 2974 1190 3010 me
1205 2956 1361 3010 habiturum

381 3049 539 3114 propediem
562 3049 665 3099 litteras
684 3047 857 3106 amonacbo,
879 3051 905 3096 et
925 3051 982 3095 tum
997 3050 1087 3096 tecum
1102 3048 1194 3096 omnia
1207 3049 1362 3099 communi-

381 3136 459 3186 cabo.
480 3136 512 3198 tp.
530 3135 600 3193 444.)

381 3235 395 3278 4
465 3233 557 3282 Romae
568 3235 645 3279 noctu
657 3230 742 3279 XVIII
751 3229 802 3277 troi.
820 3230 873 3278 Oct.
888 3243 912 3278 a.
931 3231 1007 3279 4446.
1108 3229 1142 3278 de
1161 3228 1237 3280 libris
1251 3232 1358 3280 Germa·

381 3317 422 3366 nis
441 3316 477 3366 nil
496 3316 585 3365 dicam
607 3313 726 3379 amplius
746 3315 795 3364 nisi
817 3327 861 3363 me
874 3327 926 3362 non
941 3313 1061 3364 dormire
1075 3329 1151 3365 more
1172 3319 1218 3365 tuo
1233 3316 1278 3366 sed
1294 3316 1363 3377 uigi—
1454 3382 1460 3386 .

381 3404 446 3452 lare.
476 3402 590 3466 quodsi
610 3400 722 3465 quidam
743 3407 823 3465 prout
841 3413 921 3464 spero
941 3398 1021 3449 fidem
1036 3403 1161 3460 seruarit,
1183 3401 1253 3452 liber
1265 3402 1298 3451 ad
1313 3415 1361 3452 nos

381 3490 471 3538 ueniet
482 3488 526 3538 uel
540 3489 567 3538 ui
582 3489 624 3538 uel
638 3494 730 3550 gratis.
763 3487 922 3550 quinetiam
945 3486 1007 3536 dedi
1020 3500 1130 3551 operam
1146 3489 1175 3536 ut
1189 3486 1304 3538 babeam
1318 3482 1361 3535 in'-

380 3576 531 3624 uentarium
552 3574 693 3625 cuiusdam
715 3571 895 3624 uetustissimi
915 3575 1073 3624 monasterii
1094 3575 1119 3622 in
1140 3574 1294 3629 Germania,
1315 3573 1361 3623 ubi

379 3665 421 3710 est
433 3662 527 3722 ingens
541 3660 673 3710 librorum
687 3661 782 3723 copia:
803 3659 849 3709 sed
870 3673 904 3710 ne
916 3663 944 3707 tu
960 3674 1002 3708 me
1016 3660 1142 3710 molestes
1157 3661 1207 3709 ista
1222 3665 1270 3709 tua
1284 3659 1362 3709 dica·
1428 3704 1442 3713 ,

379 3748 468 3805 citate,
486 3749 521 3795 uit
536 3748 653 3810 amplius
668 3748 748 3796 scies.
774 3748 807 3808 ip.
826 3746 895 3807 447.)

378 3845 394 3889 t
465 3844 555 3892 Romae
573 3842 634 3892 XVI
648 3841 698 3890 troi.
721 3843 777 3891 lan.
804 3842 838 3902 40.
861 3840 949 3901 litii)
989 3841 1115 3890 Dixeram
1137 3838 1235 3889 Cosmo
1255 3844 1358 3898 nostro,

379 3928 608 3992 quemadmodum
624 3926 732 3988 scribis,
755 3926 921 3976 monachum
937 3926 1012 3975 illum
1027 3925 1244 3976 Hersieldensem
1259 3925 1363 3974 dixisse
