3168 4758
734 539 816 550 ..-.-
860 504 1031 566 62—-'

389 676 505 758 opinor
526 686 670 737 aetorum
694 672 791 736 libris
803 683 835 736 et
850 674 953 736 tribus
969 672 1181 757 epistularum
1197 673 1373 756 composita
1389 693 1418 734 ro

389 793 422 844 et
438 782 525 844 edita
540 791 626 855 sunt.
667 800 707 841 ex
728 778 779 842 his
803 779 951 864 intellegi
972 790 1080 863 potest
1096 779 1158 842 On.
1179 780 1373 863 Pompeium
1432 850 1435 856 ,

349 952 351 957 ,
389 900 421 950 et
437 888 482 950 M.
504 887 656 955 Crassum
671 904 741 948 non·
751 885 876 961 uiribus
892 888 989 949 modo
1006 897 1039 949 et
1054 885 1150 950 armis
1166 887 1223 949 sed
1238 885 1371 969 ingenio

358 976 361 982 ¹
388 1013 517 1076 quoque
539 992 730 1056 eiuratione
751 991 906 1083 ualuisse,
929 993 1088 1057 Lentulos
1111 1004 1143 1056 et
1164 992 1317 1056 Metellos
1340 1003 1372 1054 et

389 1099 545 1162 Lucullos
575 1108 608 1161 et
629 1098 785 1161 Curiones
816 1111 849 1163 et
871 1110 1013 1162 ceteram
1039 1118 1210 1183 procerum
1238 1119 1374 1163 manum

389 1207 528 1269 multum
548 1206 584 1268 in
605 1204 657 1268 his
681 1205 799 1270 studiis
821 1226 939 1289 operae
954 1227 1113 1290 curaeque
1135 1206 1296 1290 posuisse,
1312 1224 1372 1267 nea
1389 1225 1416 1265 15

388 1334 586 1395 quemquam
608 1311 674 1376 illis
697 1311 897 1395 temporibus
919 1333 1075 1396 magnam
1095 1311 1277 1396 potentiam
1301 1310 1371 1375 sine

389 1419 497 1502 aliqua
513 1418 697 1501 eloquentia
713 1429 935 1482 consecutum.
960 1419 1018 1483 his.
1028 1420 1204 1509 secedebat
1218 1418 1372 1502 splendor

389 1547 515 1589 reorum
538 1536 571 1588 et
593 1525 784 1607 magnitudo
807 1547 994 1603 causarum,
1021 1548 1103 1609 quae
1125 1535 1157 1588 et
1179 1526 1250 1611 ipsa
1272 1522 1372 1607 pluri·

389 1654 479 1695 mum
500 1631 703 1715 eloquentiae
729 1642 906 1714 praestant.
953 1655 1031 1696 nam
1057 1632 1197 1695 multum
1223 1631 1369 1706 interest,

388 1750 541 1801 utrumne
565 1739 605 1801 de
629 1738 715 1802 furto
731 1749 785 1801 aut
808 1738 948 1802 formula
961 1751 996 1803 et
1008 1739 1182 1802 interdicto
1197 1738 1372 1802 dicendum
1387 1761 1416 1803 ro

388 1845 513 1910 habeas
534 1866 578 1908 an
601 1845 643 1907 de
662 1846 789 1908 ambitu
809 1845 1024 1922 comitiorum,
1050 1845 1201 1929 expilatis
1222 1844 1317 1908 sociis
1340 1855 1373 1907 et

287 2014 289 2019 .
389 1952 517 2015 ciuibus
534 1951 712 2039 trucidatis.
753 1973 835 2035 quae
853 1952 939 2017 mala
954 1954 1040 2015 sicut
1060 1973 1128 2015 nou
1143 1944 1372 2033 accides—eme·

390 2058 452 2122 lius
475 2069 525 2121 est
545 2058 637 2141 isque
653 2058 793 2141 optimus
809 2059 951 2123 ciuitatis
967 2068 1070 2123 status
1086 2058 1258 2122 habendus
1274 2068 1322 2120 est
1336 2059 1372 2121 in
1467 2045 1477 2052 ’

390 2187 454 2248 quo
469 2166 554 2230 nihil
570 2167 635 2230 tale
650 2167 803 2249 patimur,
827 2166 874 2228 ita
896 2187 968 2228 eum
985 2165 1179 2241 acciderent,
1203 2164 1372 2249 ingentem
1434 2215 1438 2222 .

389 2273 593 2354 eloquentiae
617 2264 784 2337 materiam
807 2271 1107 2366 subministrabant.
1147 2271 1263 2334 erescit
1284 2271 1372 2335 enim
1387 2296 1414 2339 ss

387 2402 462 2442 eum
490 2380 704 2465 amplitudine
730 2396 837 2443 rerum
862 2380 913 2442 uis
939 2378 1084 2462 ingenii,
1113 2399 1173 2441 nee
1201 2378 1371 2461 quisquam

389 2487 508 2550 alaram
529 2499 562 2548 et
584 2487 745 2551 illustrem
767 2472 947 2550 orationem
968 2486 1093 2548 efficere
1116 2495 1222 2568 potest
1236 2484 1300 2547 nisi
1316 2485 1372 2567 qui

265 2642 275 2649 -
388 2615 520 2657 eausam
541 2614 652 2676 parem
676 2594 815 2657 inuenit.
854 2615 934 2669 non,
964 2593 1089 2676 opinor,
1115 2591 1372 2656 Demosthenem

388 2701 550 2763 orationes
565 2691 733 2764 illustrant
749 2720 828 2783 quas
845 2700 998 2764 aduersus
1015 2711 1136 2769 tutores
1152 2721 1226 2765 suos
1243 2721 1372 2783 compo·

388 2807 465 2881 suit,
489 2827 550 2869 nee
571 2806 764 2870 Ciceronem
792 2818 1127 2891 magnum'oratorem
1150 2807 1191 2870 P.
1216 2805 1371 2873 Quintius
1387 2837 1414 2879 30

388 3030 421 3079 to
434 3031 556 3096 aptarum
567 3026 654 3083 ABE
665 3027 845 3098 epistularum
860 3029 911 3084 01>
925 3030 930 3094 Ι
949 3030 974 3081 11
991 3008 1083 3082 aedita
1097 3029 1145 3095 01¹
1153 3028 1186 3081 iis
1199 3029 1239 3096 01
1254 3028 1372 3098 intelligi

386 3112 514 3178 BODEl
530 3119 623 3184 potest
640 3131 706 3166 eor-rt
722 3130 755 3166 ee
771 3113 860 3183 possit
870 3116 901 3168 D
915 3116 920 3177 Ι
936 3112 989 3167 Gn.
1003 3116 1051 3179 ΑΙ
1070 3117 1100 3166 ta
1113 3115 1245 3181 oratione]
1260 3114 1371 3184 ingenio

387 3202 418 3254 D
433 3202 437 3266 Ι
453 3199 607 3265 noluissem
620 3201 651 3253 D
677 3201 682 3264 Ι
709 3197 839 3251 Metellos
858 3206 886 3253 et
904 3199 989 3254 bCD:
1013 3198 1144 3252 Metellos
1163 3200 1212 3253 sed
1230 3207 1258 3254 et
1275 3200 1368 3255 ABE.

387 3285 442 3339 sed
463 3292 490 3339 et
502 3287 531 3339 B
542 3283 571 3335 t'n
587 3300 681 3354 muru,
703 3283 801 3336 deleuit
819 3284 834 3335 b
854 3283 858 3353 Ι
884 3289 912 3337 tt
926 3284 1048 3338 Luculos
1059 3286 1120 3340 AD
1144 3288 1150 3350 Ι
1177 3289 1207 3338 15
1223 3285 1287 3355 [sed]
1302 3285 1372 3339 mul·

387 3378 449 3424 tum
473 3370 522 3439 Di
540 3372 571 3423 16
589 3386 746 3440 quenquam
769 3371 851 3425 Aea
870 3387 1036 3441 quamquam
1054 3373 1104 3437 Di
1124 3376 1153 3423 17
1169 3371 1281 3424 accedat
1301 3372 1369 3440 ΟΜ

390 3459 422 3509 18
432 3473 577 3510 causamn
595 3457 705 3511 bCDE:
726 3472 854 3510 curarum
867 3460 924 3512 AB
939 3460 944 3523 Ι
961 3459 992 3510 19
1005 3456 1203 3527 praesta[ba]nt
1213 3459 1242 3509 Α
1256 3456 1262 3516 Ι
1277 3458 1306 3508 tt
1324 3473 1370 3510 eo·

388 3541 529 3597 mitiorum
545 3545 573 3597 B
588 3546 593 3610 Ι
608 3542 643 3595 de
662 3541 790 3612 expilatis
810 3541 888 3595 sotiis
908 3542 978 3612 0111
995 3544 1027 3594 22
1045 3541 1154 3597 niuibus
1168 3560 1205 3611 p:
1225 3540 1370 3595 comitibus
1455 3568 1457 3571 ·

387 3629 542 3696 ABODEl
558 3630 590 3681 23
603 3628 748 3683 habendus
768 3631 818 3693 est]
833 3627 975 3682 habendus
990 3629 1041 3682 ΟΕ
1055 3635 1099 3681 est
1116 3626 1259 3682 habendus
1278 3628 1308 3682 D
1323 3627 1372 3695 irin

386 3732 438 3767 om.
465 3717 515 3781 Di
542 3716 575 3767 14
595 3715 715 3783 ingetem
732 3717 782 3781 Di
809 3716 842 3767 28
866 3713 1005 3767 inuenerit
1026 3714 1069 3780 Vl
1090 3717 1124 3767 30
1148 3711 1296 3771 Quinctius
1315 3713 1368 3767 cot.
1465 3770 1471 3775 ,

392 3799 599 3895 Ϋίηάοόοηῖψὶ
882 3826 885 3829 -
