3168 4758
754 518 1055 577 ...66-

418 705 468 747 res
484 685 576 747 uelut
590 685 625 747 in
649 683 827 748 solitudine
846 685 961 765 agitur.
992 685 1108 746 oratori
1130 682 1399 749 autemclamore

418 792 598 874 plausuque
618 811 701 873 opus
725 800 774 853 est
796 802 828 853 et
850 792 941 853 uelut
964 792 1104 873 quodam
1119 791 1265 866 theatr03
1291 793 1400 874 qualia

351 971 358 983 p
418 898 562 980 quotidie
585 896 727 979 antiquis
765 897 944 960 oratoribus
973 899 1223 981 contingebant,
1255 912 1331 961 cum
1351 910 1398 963 tot

416 1005 537 1088 pariter
563 1025 600 1066 ao
626 1013 691 1068 tam
714 1003 842 1091 nobiles
864 1004 973 1066 forum
992 1015 1185 1081 coartarent,
1209 1026 1287 1067 cum
1300 992 1411 1070 clieu?

417 1112 500 1174 telae
521 1130 708 1192 quoqueac
731 1112 833 1174 tribus
859 1121 893 1173 et
912 1111 1166 1194 municipiorum
1187 1111 1285 1175 etiam
1308 1111 1396 1195 lega·
1410 1132 1442 1175 so

408 1219 520 1300 tiones
540 1239 577 1280 ac
600 1239 675 1301 pars
699 1217 814 1280 Italiae
835 1216 1095 1301 periclitantibus
1117 1217 1301 1293 adsisteret,
1324 1240 1397 1282 cum

415 1324 449 1386 in
471 1323 636 1407 plerisque
659 1324 789 1388 iudiciis
810 1326 953 1388 crederet
979 1325 1118 1408 populus
1144 1326 1313 1389 Romanus
1335 1349 1398 1390 suc

302 1467 309 1473 -
414 1421 568 1496 interesse
584 1433 663 1513 quid
678 1431 887 1495 iudicaretur.
916 1431 993 1497 satis
1008 1442 1135 1494 constat
1151 1432 1190 1495 0.
1209 1434 1397 1496 Cornelium

415 1552 447 1601 et
469 1540 514 1601 M.
540 1538 697 1602 Scaurum
723 1548 756 1601 et
776 1540 815 1601 T.
839 1538 997 1602 Milonem
1020 1550 1054 1601 et
1072 1539 1111 1600 L.
1139 1539 1282 1602 Bestiam
1303 1552 1336 1602 et
1357 1541 1394 1604 P.
1479 1574 1481 1579 ·

415 1646 582 1709 Vatinium
603 1667 761 1711 concursu
783 1646 879 1709 totius
902 1646 1045 1710 ciuitatis
1061 1657 1094 1709 et
1109 1657 1276 1709 accusatos
1293 1657 1325 1708 et
1340 1647 1393 1708 de·
1409 1663 1438 1706 25

412 1752 532 1828 sensus,
555 1763 592 1839 ut
612 1753 839 1837 frigidissimos
855 1773 982 1835 quoque
999 1764 1138 1816 oratores
1153 1753 1227 1835 ipsa
1243 1755 1396 1816 certantis

413 1859 527 1943 populi
541 1860 647 1923 studia
663 1861 803 1923 excitare
820 1871 853 1922 et
870 1860 1045 1922 incendere
1068 1860 1261 1942 potuerint..
1289 1860 1396 1941 itaque

414 1967 544 2030 hercule
569 1965 750 2031 eiusmodi
775 1967 849 2029 libri
875 1957 1004 2042 extant,
1032 1976 1071 2027 ut
1094 1966 1157 2048 ipsi
1184 1987 1311 2049 quoque
1340 1968 1395 2048 qui

413 2084 549 2158 egerunt
562 2093 629 2135 nou
643 2072 716 2137 aliis
731 2073 835 2155 magis
853 2073 1051 2136 orationibus
1068 2084 1272 2153 censeantur.
1435 2075 1439 2079 ’

360 2197 401 2256 40
474 2182 541 2244 iam
562 2199 643 2242 uero
664 2179 832 2243 contiones
854 2161 1003 2244 assiduae
1028 2189 1061 2241 et
1082 2179 1196 2242 datum
1216 2179 1267 2243 ius
1281 2189 1397 2262 poten·

412 2288 571 2351 tissimum
599 2307 761 2369 quemque
781 2287 922 2353 uexandi
946 2297 1042 2369 atque
1062 2287 1134 2369 ipsa
1152 2286 1404 2350 inimicitiarum·

410 2394 525 2478 gloria,
555 2415 632 2456 cum
658 2415 691 2457 se
719 2394 851 2476 plurimi
877 2394 1068 2457 disertorum
1095 2415 1137 2456 ne
1160 2415 1179 2455 a
1201 2395 1237 2456 P.
1264 2394 1396 2475 quidem

411 2500 563 2584 Scipione
580 2510 636 2564 aut
650 2502 693 2564 L.
713 2499 807 2565 Sulla
819 2510 876 2563 aut
891 2501 952 2564 Cn.
971 2501 1126 2584 Pompeio
1146 2500 1347 2563 abstinerent
1363 2513 1396 2562 et

411 2608 452 2670 ad
467 2608 681 2670 incessendos
697 2606 860 2694 principes
872 2608 971 2685 uiros,
994 2619 1031 2670 ut
1046 2617 1093 2671 est
1107 2617 1221 2670 natura
1236 2607 1392 2682 inuidiae,
1411 2630 1426 2668 s

411 2715 523 2798 populi
553 2735 680 2796 quoque
712 2735 773 2777 ceu
809 2714 983 2778 histriones
1014 2715 1142 2777 auribus
1177 2719 1390 2791 †uterentur,

410 2961 440 3012 19
455 2963 623 3011 coarctarent
635 2960 692 3012 ΒΒ
706 2962 709 3022 Ι
725 2957 831 3011 clietele
843 2960 873 3013 D
888 2960 893 3025 Ι
909 2961 983 3024 20et]
998 2975 1029 3011 ac
1039 2960 1068 3012 B
1083 2959 1088 3022 Ι
1104 2959 1133 3008 21
1153 2957 1295 3029 assisteret
1312 2958 1395 3011 BOD

349 3084 356 3088 -
408 3044 570 3097 assisterent
582 3043 705 3097 Ritterua
720 3042 726 3116 Ι
741 3046 777 3096 22
786 3042 862 3096 uitiis
874 3046 905 3098 D
920 3048 924 3111 Ι
941 3061 997 3114 ·po·
1011 3062 1053 3098 rc·
1066 3046 1095 3098 B
1110 3045 1115 3108 Ι
1132 3046 1163 3095 23
1177 3041 1226 3112 qui
1238 3042 1392 3095 iudicaren-

408 3137 453 3183 tur
464 3132 495 3184 D
510 3129 514 3197 Ι
530 3131 562 3181 28
575 3128 666 3183 hercle
676 3124 726 3184 ΟΒ
741 3133 745 3194 Ι
761 3130 808 3199 qui
821 3148 872 3183 om.
881 3132 911 3184 D
926 3130 930 3198 Ι
947 3132 978 3183 29
992 3137 1111 3199 egerunt
1122 3147 1189 3182 coar.
1205 3144 1237 3180 ac
1249 3127 1356 3197 egerint
1366 3131 1396 3182 B

479 3218 489 3267 l
505 3213 650 3269 conciones
667 3216 749 3270 BCD
764 3217 768 3283 Ι
785 3218 939 3285 2quenque
957 3217 1038 3270 ΑΟΕ
1051 3220 1055 3277 Ι
1070 3212 1276 3283 inimiciciarum
1294 3218 1322 3266 Α
1342 3211 1395 3264 ini-

409 3301 568 3354 mititiarum
580 3303 611 3356 D
625 3300 629 3369 Ι
645 3303 660 3351 3
673 3286 771 3354 Publio
784 3302 814 3354 D
829 3300 833 3370 Ι
849 3304 865 3351 4
877 3301 910 3353 L.
926 3300 975 3354 ins.
991 3300 1113 3353 Rittcrus
1127 3304 1132 3365 Ι
1148 3298 1224 3368 Sylla
1235 3300 1321 3352 ΑΒΕ
1337 3295 1394 3366 Sila

409 3389 459 3442 01)
474 3387 478 3457 Ι
495 3384 530 3440 G.
543 3390 571 3440 Α
585 3384 637 3438 Gn.
653 3390 680 3440 Β
696 3385 700 3454 Ι
717 3393 731 3438 ὁ
746 3386 928 3441 incensendos
946 3388 977 3440 D
991 3386 995 3455 Ι
1012 3391 1027 3439 6
1041 3403 1092 3438 ceu
1112 3384 1260 3438 histriones
1281 3383 1395 3436 Schera-

398 3472 542 3543 ficiscitur
560 3480 622 3526 octt,
637 3473 716 3526 lt'tter.
724 3490 755 3541 p.
770 3475 814 3525 191
827 3494 836 3523 :
850 3480 878 3525 et
889 3471 1037 3525 histriones
1049 3471 1188 3526 ABODE
1198 3476 1230 3523 ut
1243 3468 1394 3522 histriones

406 3558 528 3611 Haustus
541 3557 741 3612 adrectionbus
750 3558 931 3611 Heumannus
940 3557 1093 3627 lplausibus
1105 3564 1251 3610 uterentur
1257 3553 1389 3608 Hessius.

398 3644 469 3712 fort.
489 3644 655 3698 scribendum
674 3650 713 3696 est
730 3643 845 3697 auribus
864 3642 1046 3698 adularentur
1063 3642 1121 3695 siue
1131 3641 1325 3696 blandirentur
1340 3639 1344 3708 Ι
1360 3645 1392 3691 ut

406 3738 448 3783 est
459 3736 558 3784 natura
571 3729 677 3800 populi,
690 3729 810 3782 inuidiae
824 3746 935 3799 quoque
945 3736 973 3782 et
984 3721 1117 3782 irrisionis
1130 3727 1237 3781 artibus
1246 3731 1393 3780 uterentur

405 3815 631 3885 Bezzenberqerus
639 3833 733 3884 propr.
748 3815 846 3867 Dresd.
859 3834 883 3867 o.
904 3817 967 3867 1844
978 3833 1006 3883 p.
1021 3817 1053 3865 tt
