3168 4758
717 534 807 595 ...7
846 501 886 561 50
932 531 1015 545 .....

369 669 548 751 ἰηίιιὰἱοὶἰε
564 670 632 732 fere
648 670 688 733 de
705 668 878 755 aequitate,
892 667 927 731 in
943 668 1229 734 deliberationibus
1245 672 1282 735 de
1294 673 1359 761 oti·

370 777 469 855 litote,
487 776 521 840 in
542 775 770 840 laudationibus
790 776 830 837 de
845 776 1015 839 honestate
1036 774 1235 857 disserimus,
1259 778 1306 844 itu
1323 794 1360 845 ut
1375 803 1402 844 10

369 885 563 968 plerumque
572 882 654 946 haec
664 880 807 945 inuicem
817 882 1013 947 misceantur
1020 908 1029 957 ;
1048 884 1089 947 de
1101 884 1218 967 quibus
1230 888 1358 971 copiose

369 1004 403 1054 et
418 989 508 1054 uarie
524 1000 557 1052 et
572 999 684 1051 ornate
698 1008 796 1051 nemo
812 988 918 1052 dicere
933 1001 1039 1073 potest
1053 990 1118 1053 nisi
1133 992 1190 1072 qui
1204 991 1359 1074 cognouit

369 1108 521 1161 naturam
535 1096 713 1160 humanam
729 1094 844 1158 etnim
860 1095 1018 1159 uirtutum
1033 1095 1291 1179 prauitatemque
1304 1098 1356 1160 ui-

368 1205 488 1267 tiorum
511 1214 544 1265 et
558 1201 652 1266 habet
665 1200 867 1266 intellectum
882 1223 993 1284 eorum
1008 1224 1091 1285 quae
1107 1225 1165 1265 nec
1180 1203 1215 1266 in
1231 1204 1356 1268 uirtuti·

276 1392 278 1403 1
369 1313 431 1374 bus
453 1309 572 1372 necin
592 1307 680 1373 uitiis
702 1296 926 1372 numeruntur.
960 1330 1000 1372 ex
1022 1308 1074 1372 his
1094 1309 1238 1386 fontibus
1259 1311 1358 1375 etiam
1373 1286 1400 1366 13

279 1458 282 1465 -
354 1417 432 1481 ¹ista
454 1415 633 1500 profluunt,
650 1426 687 1479 ut
707 1415 833 1479 facilius
851 1415 934 1480 iram
949 1414 1067 1480 iudicis
1083 1417 1138 1480 uel
1151 1415 1288 1501 instiget
1303 1419 1357 1481 nel

368 1524 472 1587 leniat
487 1522 543 1605 qui
558 1523 619 1586 scit
634 1522 712 1606 quid
728 1520 785 1598 ira,
800 1522 978 1605 promptius
991 1523 1033 1586 ad
1044 1522 1287 1587 miserationem
1297 1523 1356 1586 im-

357 1631 471 1713 pellat
491 1629 548 1712 qui
570 1630 632 1692 scit
654 1628 733 1711 quid
755 1629 797 1691 sit
817 1628 1039 1693 misericordia
1060 1641 1094 1692 et
1116 1628 1234 1712 quibus
1254 1630 1357 1695 animi

366 1736 509 1801 motibus
530 1735 721 1801 concitetur.
751 1736 787 1798 in
802 1735 853 1798 his
869 1735 990 1799 artibus
1007 1736 1356 1820 exercitationibusque

366 1855 516 1907 uersatus
539 1854 656 1917 orator,
674 1841 743 1904 siue
768 1843 855 1925 apud
877 1842 1013 1909 infestos
1036 1843 1104 1905 siue
1119 1844 1206 1927 apud
1221 1844 1356 1926 cupidos
1371 1862 1398 1905 20

365 1952 437 2014 siue
453 1951 542 2033 apud
556 1947 742 2012 inuidentes
757 1947 826 2011 siue
842 1950 930 2030 apud
942 1948 1047 2013 tristes
1060 1949 1128 2012 siue
1140 1924 1227 2031 apud
1239 1949 1354 2014 timen·
1406 1950 1416 1967 ⁸

367 2069 418 2121 tes
442 2057 618 2120 dicendum
645 2055 814 2132 habuerit,
837 2055 963 2119 tenebit
988 2077 1090 2118 uenas
1116 2055 1298 2120 animorum
1323 2070 1356 2121 et

366 2174 463 2248 prout
485 2163 642 2245 cuiusque
664 2175 781 2225 natura
799 2161 975 2244 postulabit
990 2162 1161 2226 adhibebit
1174 2185 1308 2226 manum
1323 2174 1356 2226 et

367 2269 561 2363 temperabit
583 2268 773 2346 orationem,
791 2280 903 2352 parato
927 2268 1017 2332 omni
1035 2269 1250 2333 instrumento
1266 2271 1355 2334 etad

364 2397 497 2440 omnem
517 2397 612 2440 usum
633 2375 783 2459 reposito.
816 2387 893 2439 sunt
915 2377 1002 2459 apud
1024 2396 1104 2458 quos
1119 2376 1307 2441 adstrictum
1324 2388 1356 2441 et
1370 2395 1397 2439 25

367 2484 543 2547 collectum
565 2495 598 2553 et
613 2483 744 2567 singula
759 2482 870 2546 statim
885 2483 1290 2567 argumenta-concludens
1306 2484 1355 2548 di·

365 2590 462 2654 cendi
478 2611 583 2674 genus
600 2591 674 2673 plus
689 2588 767 2652 fidei
781 2601 938 2653 meretur:
956 2591 1045 2671 apud
1059 2588 1119 2652 hos
1135 2589 1262 2654 dedisse
1278 2603 1354 2675 ope·

364 2719 436 2760 ram
459 2696 646 2760 dialecticae
666 2695 823 2780 proficiet.
858 2694 938 2760 alios
958 2697 1030 2760 fusa
1053 2706 1085 2758 et
1106 2696 1250 2778 aequalis
1265 2710 1299 2760 et
1313 2721 1353 2762 ex

366 2889 383 2937 9
397 2887 520 2938 lacunam
533 2883 648 2953 expleuit
663 2883 776 2938 Vrsinus
791 2887 796 2950 Ι
820 2888 849 2936 to
864 2883 914 2937 sed
925 2883 964 2937 ite
976 2882 1021 2937 uel
1037 2883 1077 2935 ita
1088 2889 1182 2936 tamen
1192 2883 1333 2939 Acidaliae
1347 2888 1351 2955 Ι

368 2989 397 3038 11
414 2986 565 3055 plerunque
582 2990 646 3049 ΑΕ,
668 3005 719 3041 om.
736 2989 761 3043 0
775 2974 826 3057 {iffi
841 2989 872 3042 D
887 2992 892 3057 Ι
913 2985 988 3053 haec]
1002 2987 1069 3043 haec
1090 2985 1151 3056 ipsa
1178 2987 1259 3043 CDE
1277 2992 1282 3053 Ι
1302 2988 1353 3040 mi-

364 3079 462 3125 sceant
472 3074 503 3127 D
517 3075 522 3136 Ι
541 3076 571 3125 14
584 3072 669 3126 habet
675 3081 739 3143 post
751 3073 922 3129 intellectum
935 3072 985 3125 ins.
995 3071 1148 3142 Sclcpenua
1163 3074 1168 3140 Ι
1182 3089 1272 3142 neque
1286 3074 1335 3130 OE
1346 3075 1351 3143 Ι

356 3162 400 3224 415
413 3175 502 3228 neque
516 3158 596 3214 ODE
609 3159 613 3226 Ι
634 3158 663 3211 in
675 3176 727 3211 ont.
741 3162 770 3213 B
785 3160 789 3228 Ι
800 3165 863 3228 post
881 3157 956 3211 uitiis
967 3162 996 3213 B
1008 3157 1058 3212 ina.
1078 3158 1210 3224 [cotinetr]
1234 3169 1238 3224 Ι
1262 3162 1293 3213 16
1305 3160 1353 3214 illa

365 3244 466 3299 hODE
484 3251 489 3315 Ι
506 3246 537 3296 17
550 3244 637 3309 leniat
648 3248 677 3299 B
699 3245 704 3313 Ι
719 3244 759 3298 ira
776 3247 821 3309 (DJ
837 3243 963 3315 Lipsius:
981 3244 1021 3298 ire
1032 3247 1091 3299 ΑΕ
1106 3244 1146 3309 ire
1159 3250 1187 3299 A
1204 3244 1260 3297 irae
1275 3246 1300 3300 0
1313 3247 1353 3300 irs

365 3330 405 3383 sit
422 3329 546 3383 Pdltoeus
570 3331 607 3383 sit
627 3330 669 3384 ira
693 3329 809 3384 Orells'tts
833 3330 874 3384 ira
895 3337 924 3383 et
944 3329 995 3383 Fr.
1016 3329 1099 3384 Iacob
1118 3349 1163 3400 op.
1183 3328 1326 3383 Halmium
1346 3332 1350 3398 Ι

369 3449 490 3519 pmptius
503 3451 533 3509 D
548 3453 553 3515 Ι
569 3450 603 3503 ad
618 3451 681 3506 OE:
700 3457 729 3504 et
740 3453 828 3505 ABD
842 3455 847 3516 Ι
869 3448 1063 3516 misericordia]
1078 3426 1124 3503 nii
1136 3452 1167 3505 D
1181 3450 1186 3519 Ι
1208 3452 1240 3502 19
1256 3458 1351 3511 motus

366 3553 399 3605 D
414 3556 419 3617 Ι
435 3555 467 3604 20
477 3561 603 3605 uersatus
615 3550 682 3608 EA.-
696 3563 826 3607 uersatur
834 3553 944 3608 ABCD
959 3553 963 3622 Ι
986 3555 1014 3604 21
1031 3551 1161 3606 uidentes
1173 3555 1204 3607 D
1223 3555 1228 3625 Ι
1244 3556 1276 3607 22
1290 3540 1352 3607 ὴιῖῐ

373 3636 399 3700 (i.
415 3656 436 3690 e.
453 3637 560 3701 habuit)
576 3640 606 3692 D
621 3639 626 3708 Ι
641 3640 763 3693 habenas
775 3659 798 3709 p
822 3645 827 3704 Ι
850 3642 881 3691 23
895 3639 1082 3708 postulauerit
1095 3640 1147 3694 OE
1165 3641 1169 3707 Ι
1192 3643 1223 3692 21
1243 3656 1350 3693 omnem

367 3721 522 3775 orationem
534 3727 601 3788 AB,
615 3743 682 3779 corr.
697 3729 726 3780 B
741 3731 746 3789 Ι
763 3729 794 3777 25
807 3724 951 3778 astrictum
964 3726 1052 3780 BDE
1071 3728 1076 3790 Ι
1097 3727 1129 3777 21
1143 3722 1208 3777 fidei
1216 3745 1254 3795 p:
1268 3724 1350 3778 fldem

368 3808 508 3863 ABODE
527 3809 539 3878 Ι
554 3811 668 3864 miretur
687 3813 718 3865 D
738 3815 743 3876 Ι
766 3813 798 3863 28
817 3809 974 3865 dialecticae
990 3829 1057 3864 corr.
1081 3811 1165 3872 uslB
1185 3812 1271 3865 nell.-
1291 3810 1349 3864 dia·
