3168 4758
378 701 454 764 stris
477 700 609 783 quidem
633 698 833 782 temporibus
860 698 1029 764 Secundus
1055 698 1258 783 Pomponius
1282 696 1361 761 Afro

381 806 526 870 Domitio
541 807 596 870 uel
610 805 769 890 dignitate
783 805 873 869 uitae
883 807 938 871 uel
947 805 1165 890 perpetuitate
1176 805 1281 869 famae
1293 825 1361 868 ces·

379 914 468 979 serit.
493 935 570 978 nam
585 913 721 998 Crispus
735 915 797 978 iste
812 923 846 977 et
858 912 1032 978 Marcellus
1046 912 1088 977 ad
1103 913 1240 996 quorum
1255 932 1362 975 exem·

379 1021 436 1105 pla
455 1041 507 1083 me
527 1040 637 1097 uocas,
655 1020 734 1104 quid
754 1021 877 1084 habent
897 1021 932 1084 in
952 1019 1015 1084 hac
1029 1041 1088 1083 sua
1101 1020 1231 1085 fortuna
1245 1041 1362 1083 concu-

380 1126 591 1212 piscenduml
606 1127 692 1211 quod
708 1128 825 1191 timent
836 1149 879 1191 an
891 1128 978 1211 quod
987 1126 1161 1231 timim?
1175 1120 1274 1211 quod,
1288 1149 1363 1190 cum
1378 1153 1405 1196 rs

381 1233 525 1318 quotidie
548 1234 672 1318 aliquid
693 1246 860 1321 rogentur,
877 1235 902 1299 ii
917 1236 1216 1339 quibusnpraestant
1229 1232 1300 1270 *Ν
1313 1233 1363 1298 iu·

380 1341 576 1426 dignantur?
597 1343 685 1426 quod
706 1342 844 1428 adligati
862 1342 952 1405 omni
972 1342 1157 1406 adulatione
1177 1352 1239 1405 n‘ec
1261 1341 1362 1424 impe·

379 1434 526 1514 rantibus
549 1472 704 1535 umquam
724 1450 802 1515 satis
824 1451 910 1517 sarili
932 1449 1085 1514 uidentur
1099 1470 1161 1512 uec
1176 1446 1270 1513 nobis
1285 1447 1363 1513 satis

379 1555 494 1621 liberii
517 1572 599 1641 quae
622 1558 702 1623 haec
718 1579 850 1633 summav
861 1579 971 1623 eorum
986 1555 1131 1640 potentia
1145 1554 1214 1620 esti
1236 1565 1374 1647 tantum„

362 1651 474 1747 'posse
496 1665 604 1729 liberti
625 1666 741 1731 solent.
774 1687 826 1730 me
848 1686 927 1729 uero
948 1665 1060 1728 dulces
1079 1673 1117 1727 ut
1138 1662 1296 1748 Virgilius
1313 1662 1364 1727 ait
1378 1679 1405 1724 ιο

379 1772 495 1835 Musae
512 1782 673 1836 remotum
694 1794 713 1836 a
734 1772 1007 1848 sollicitudinibus
1029 1781 1061 1836 et
1075 1771 1160 1857 curis
1176 1780 1209 1833 et
1223 1769 1362 1834 necessi·

380 1888 447 1943 tate
468 1879 613 1962 quotidie
635 1879 678 1943 ali
702 1879 766 1949 uid
782 1890 894 1944 contra
915 1879 1061 1943 animum
1081 1877 1253 1943 faciendi
1243 1877 1363 1942 mista

380 2007 471 2050 sacra
490 1986 647 2070 istasque
762 1986 907 2063 s,ferant
924 2008 985 2050 nec
999 2006 1152 2051 insanum
1166 1985 1251 2050 ultra
1267 1995 1300 2048 et
1313 1984 1363 2047 lu

380 2080 506 2156 bricum
523 2093 634 2157 forum
653 2092 837 2176 famamque
859 2035 1025 2178 pulliilim
1044 2093 1189 2176 trepidus
1205 2113 1360 2175 exponar,

379 2220 447 2263 non
464 2222 515 2289 me
529 2199 678 2266 fremitus
692 2200 905 2283 salutantium
919 2223 980 2264 nec
992 2198 1151 2264 anhelans
1162 2199 1297 2265 libertus
1309 2215 1405 2262 err-2⁵
1424 2228 1427 2233 ·

380 2306 477 2385 citet,
508 2329 570 2395 neo
592 2308 736 2371 incertus
762 2308 863 2373 futuri
887 2300 1119 2373 testamentum
1143 2327 1202 2405 pro
1227 2307 1362 2391 pignore

380 2414 531 2493 scribam,
547 2436 610 2479 nec
628 2415 702 2498 plus
724 2414 863 2480 habeam
884 2436 982 2498 quam
1004 2415 1090 2498 quod
1104 2415 1226 2498 possim
1240 2412 1294 2478 cui
1307 2434 1363 2477 ne·

344 2576 352 2591 ,
380 2521 440 2593 lim
461 2521 655 2636 relinquere,
680 2523 917 2631 quandoque
885 2518 988 2587 olim
997 2516 1214 2630 fatalisQJm
1179 2542 1271 2586 meus
1293 2520 1362 2597 dies

380 2813 410 2864 11
430 2810 590 2884 Ponponius
608 2815 657 2879 Dl
680 2816 712 2867 16
732 2813 838 2884 aliquid
855 2815 901 2868 D.-
926 2812 1013 2895 aliqui
1029 2814 1152 2878 ABOEl
1172 2813 1201 2867 in
1222 2815 1252 2868 D
1270 2812 1301 2866 hi
1317 2812 1361 2881 El
1408 2849 1411 2853 ν

380 2896 482 2967 quibus
500 2915 555 2952 non
572 2905 713 2971 praestant
728 2899 854 2972 Lipsius,
873 2918 921 2970 spo
936 2899 1056 2974 Tuqitum
1073 2899 1138 2953 laec
1151 2901 1213 2968 fers
1229 2898 1364 2969 empsisse

373 2989 441 3054 pato
454 2984 555 3054 quibus
573 2994 717 3057 praestant
729 2986 843 3057 perinde
855 2994 884 3040 et
896 2985 998 3056 quibus
1010 3001 1065 3038 non
1078 2993 1223 3055 praestant
1237 2988 1244 3053 Ι
1259 2987 1290 3037 17
1304 2982 1364 3037 alli·

264 3094 268 3101 ·
379 3079 428 3139 gat
439 3073 468 3125 B
475 3070 582 3141 alligati
594 3072 638 3128 dO
646 3072 725 3142 ligati
736 3074 775 3142 ΕΙ
784 3072 858 3126 omni
871 3072 1039 3127 Woltlmss:
1053 3075 1085 3124 cr'r
1092 3073 1241 3127 ABEcum
1251 3072 1301 3126 OD
1310 3070 1363 3123 hu-

380 3155 439 3209 mlh
446 3156 632 3229 Selultmpsar
638 3174 735 3212 eanum
741 3158 878 3228 Ηααείιιει
894 3161 925 3212 18
938 3159 1217 3228 unquamABCDEt
1233 3159 1266 3210 20
1273 3155 1360 3227 Virga

380 3243 410 3297 D
424 3244 429 3307 1
445 3241 585 3313 Virgilius]
602 3262 692 3315 psorp.
707 3243 754 3309 II,
769 3246 820 3296 475
835 3248 853 3319 Ι
856 3246 886 3297 21
901 3243 1122 3298 solicitudinibus
1134 3246 1216 3299 BOD
1231 3247 1236 3309 Ι
1252 3245 1285 3296 22
1298 3243 1364 3296 coti·
1475 3243 1479 3249 ’

381 3326 425 3382 die
441 3329 482 3397 Ol
496 3328 544 3383 illa
556 3330 672 3396 tonat
688 3331 721 3382 23
733 3328 851 3400 illasque
863 3329 968 3384 frondis
977 3330 1114 3401 Hauptios
1125 3330 1221 3383 Philet.
1230 3317 1288 3400 Ip.
1296 3332 1363 3383 587.-

380 3414 504 3487 istosque
518 3414 643 3486 (illosque
655 3416 704 3484 dE)
720 3417 810 3470 fontes
818 3418 904 3472 ABE
910 3414 1027 3486 illosque
1039 3416 1122 3471 fontis
1134 3418 1184 3472 cD
1195 3414 1314 3486 illosque
1326 3414 1364 3469 ad

378 3501 470 3579 fontes
488 3501 630 3568 Ritterusl
654 3504 688 3556 24
705 3501 844 3573 palantem
862 3503 963 3558 BDE:
980 3501 1130 3573 pallantem
1146 3505 1202 3559 Ac
1215 3501 1363 3575 pallentem

379 3587 422 3658 dp,
436 3606 473 3642 sn
485 3586 629 3643 fallacem?
654 3590 660 3655 1
676 3590 708 3641 25
721 3587 843 3643 anellans
855 3590 885 3644 D
899 3592 905 3657 1
920 3590 953 3641 28
966 3588 1130 3671 quandoque
1147 3589 1214 3643 olim
1229 3591 1364 3645 Staium

372 3691 470 3744 propr
487 3676 629 3730 munao.
643 3692 670 3728 a
686 3677 752 3728 tata
761 3695 789 3746 p
806 3677 855 3728 25.
869 3664 1034 3745 quandoque
1047 3676 1119 3729 enim
1130 3677 1363 3746 ABCDEquan·

379 3758 527 3832 docunque
541 3760 741 3832 pquandoque
759 3760 826 3814 mini
843 3760 1020 3816 Doederlinrsa
1038 3760 1148 3831 quando
1165 3761 1276 3832 quidem
1288 3762 1362 3815 Hal·

379 3844 449 3901 miras
464 3850 470 3914 Ι
484 3853 513 3901 et
524 3847 573 3901 det.
588 3847 713 3902 Pithosm
728 3846 851 3904 Οιιιὶιιίιιι
