3168 4758
551 526 908 587 *qq-4.

209 713 339 756 censere
369 693 433 757 nisi
460 695 531 775 quis
557 694 692 776 ingenio
722 703 755 756 et
785 693 971 774 eloquentia
996 693 1192 756 sententiam

209 821 301 862 suam
323 809 476 875 tueretur,
501 821 576 863 cum
597 800 634 862 in
656 799 796 881 aliquam
814 799 975 865 inuidiam
994 809 1052 862 aut
1068 798 1190 861 crimen

156 899 160 903 ’
208 906 316 970 uocati
338 927 396 969 sua
415 927 497 969 uoce
517 906 781 989 respondendum
802 905 980 980 haberent,
1005 920 1080 973 cum
1105 904 1193 968 testi·

166 1036 192 1077 aa
208 1013 317 1078 monia
337 1034 465 1096 quoque
490 1012 526 1074 in
552 1012 693 1095 publicis
715 1011 838 1075 indiciis
863 1033 932 1076 non
958 1013 1107 1076 absentes
1132 1032 1192 1074 nec
1227 1038 1231 1043 ·

209 1142 268 1203 per
291 1120 444 1182 tabellam
466 1120 541 1183 dare
563 1120 622 1181 sed
643 1141 753 1183 coram
767 1129 801 1181 et
816 1130 1002 1201 praesentes
1019 1120 1126 1182 dicere
1142 1140 1193 1181 co·

209 1237 373 1310 gerentur.
412 1227 459 1288 ita
479 1227 520 1288 ad
544 1247 670 1288 summa
686 1225 892 1308 eloquentiae
914 1225 1059 1308 praemia
1073 1246 1193 1307 magna

209 1333 308 1396 etiam
333 1333 507 1421 necessitas
533 1331 726 1406 accedebat,
757 1342 789 1394 et
815 1352 879 1414 quo
909 1332 1005 1395 modo
1037 1331 1194 1399 disertum

209 1438 323 1502 haberi
344 1438 518 1523 pulchrum
542 1451 574 1500 et
596 1439 784 1520 gloriosum,
808 1439 854 1500 sic
868 1448 987 1502 'contra
1010 1448 1138 1503 mutum
1161 1452 1194 1500 et

166 1564 193 1604 ro
209 1545 375 1628 elinguem
388 1544 494 1608 uideri
509 1544 652 1611 deforme
668 1545 862 1608 habebatur.
903 1566 981 1629 ergo
1003 1567 1070 1611 non
1084 1545 1192 1611 minus
1203 1548 1242 1610 37

208 1654 324 1716 rubore
339 1637 437 1734 quam
451 1651 602 1734 praemiis
617 1650 881 1727 stimulabantur,
906 1672 948 1713 ne
965 1652 1194 1717 clientulorum
1262 1692 1267 1697 ·

209 1760 280 1822 loeo
302 1760 527 1842 potiusquam
550 1769 758 1841 patronorum
779 1767 1038 1833 numerarentur,
1064 1780 1106 1820 ne
1132 1768 1193 1821 tra·

209 1865 296 1930 ditae
321 1887 340 1928 a
362 1865 537 1928 maioribus
556 1863 815 1928 necessitudines
837 1865 880 1927 ad
901 1864 982 1929 alios
1005 1866 1191 1940 transirent,

180 1994 249 2035 sue
275 1966 440 2055 tamquam
462 1971 582 2034 inertes
603 1981 636 2033 ct
659 1992 726 2034 non
750 1971 915 2035 suffecturi
937 1971 1114 2035 bonoribus
1138 1983 1193 2037 aut

144 2163 147 2168 Ι
207 2101 275 2142 non
289 2080 501 2163 impetrarent
515 2089 572 2141 aut
585 2078 774 2160 impetratos
789 2078 874 2140 male
887 2088 1063 2141 tuerentur.
1084 2080 1193 2143 nescio

208 2209 251 2250 an
264 2185 417 2250 uenerint
430 2186 467 2248 in
479 2206 595 2247 manus
610 2194 734 2248 uestras
758 2184 838 2247 haee
859 2198 982 2262 uetera,
1005 2207 1086 2268 quae
1109 2197 1141 2248 et
1158 2184 1193 2271 in

209 2291 466 2375 antiquariorum
495 2274 712 2376 bybliothecis
747 2291 854 2357 adhuc
884 2303 1019 2357 manent
1056 2303 1089 2355 et
1119 2313 1193 2354 cum

208 2400 349 2463 maxime
372 2419 390 2461 a
413 2398 565 2471 Muciano
588 2377 822 2463 contrahuntur
843 2399 967 2472 amiam
989 2397 1140 2461 undecim
1156 2405 1194 2460 ut

208 2623 241 2673 32
261 2619 323 2690 quis
337 2618 462 2690 haliciae:
481 2621 528 2691 qui
547 2619 981 2686 &commmentatores
1001 2625 1146 2677 tuerentur
1166 2623 1194 2674 B

197 2703 349 2761 'maestius
363 2709 369 2771 Ι
384 2708 418 2758 34
436 2705 590 2779 respondei
608 2706 635 2771 (i.
651 2725 672 2760 e.
688 2705 919 2777 respondendum)
934 2710 965 2760 Α
981 2705 1146 2776 respondere
1166 2709 1194 2761 B
1252 2714 1255 2719 ⁴

210 2791 265 2860 (aad
281 2809 310 2843 re
326 2792 341 2844 b
359 2790 387 2845 in
405 2790 458 2856 tit,
473 2809 550 2844 maso
568 2790 664 2845 lineola
681 2809 764 2867 sapen
779 2792 899 2860 praeced.
915 2796 938 2855 e]
957 2796 961 2857 Ι
978 2791 1137 2845 testimonio
1153 2793 1178 2847 0
1187 2791 1191 2860 Ι

208 2873 245 2930 35
254 2875 361 2929 iudiciis
375 2882 437 2946 post
454 2875 571 2947 puhlicis
590 2876 641 2929 ins.
655 2876 793 2946 Aqracola,
802 2882 864 2947 post
881 2877 910 2929 in
926 2876 1064 2935 Gaianas:
1078 2877 1105 2930 in
1119 2877 1192 2930 iudi-

207 2962 257 3015 ciis
275 2962 454 3045 Heamaaa'as
475 2963 480 3026 Ι
508 2979 563 3014 non
584 2965 648 3030 [per]
662 2966 689 3016 Α
711 2963 715 3027 Ι
736 2961 859 3015 absentis
880 2964 929 3017 OE
944 2963 949 3030 Ι
965 2965 998 3015 36
1012 2979 1124 3031 quoram
1143 2964 1191 3032 Dl

207 3047 360 3118 praesentis
370 3049 400 3102 E
411 3049 416 3107 Ι
432 3050 464 3108 37
478 3063 584 3100 summa
596 3062 666 3101 carr.
677 3064 709 3101 es
721 3064 827 3111 summe
840 3051 868 3102 B
879 3047 882 3114 Ι
895 3049 1013 3117 praemia
1025 3052 1062 3110 Α,
1075 3065 1143 3100 corr.
1156 3067 1173 3102 a
1186 3048 1191 3117 Ι

207 3136 240 3186 38
254 3141 282 3187 et
300 3151 351 3185 om.
370 3135 401 3188 D
415 3138 421 3199 Ι
436 3150 490 3203 quo
512 3132 593 3185 modo
610 3132 769 3187 Acidaliae.-
787 3134 930 3189 commoda
947 3135 1061 3196 ABOE,
1077 3151 1127 3187 om.
1141 3133 1191 3203 D}

207 3222 240 3272 39
254 3219 381 3289 pulcrum
392 3221 423 3273 D
435 3218 444 3284 Ι
458 3218 498 3272 sie
509 3218 665 3272 Acidaliae:
679 3218 729 3272 sed
740 3221 881 3275 ABODE

277 3308 292 3357 2
306 3304 521 3358 stimulabantur
536 3301 571 3370 ΙΔΙ
585 3305 749 3361 Rhenanus.-
763 3304 968 3376 stipulahantur
979 3307 1089 3361 Anca
1096 3305 1192 3359 stimu-
1262 3324 1266 3333 ·

206 3390 318 3444 labatur
340 3393 391 3458 D}
418 3389 508 3443 eloco
533 3407 584 3444 om.
605 3389 652 3457 ΕΙ
675 3390 852 3445 ttranrirent
875 3389 1001 3461 Lipara.-
1025 3390 1192 3445 transissent

206 3479 362 3545 ΛΒΟΠΕΙ
377 3481 391 3528 5
405 3475 527 3529 inhertes
539 3479 570 3531 D
584 3476 589 3544 Ι
605 3475 748 3531 suffecturi
769 3477 798 3542 0,
814 3493 829 3529 o
846 3476 875 3529 ia
895 3476 934 3531 ta.
952 3480 959 3542 Ι
973 3475 1093 3531 honores
1112 3477 1193 3531 Seto-

199 3565 339 3633 psaasttt
352 3566 553 3640 impetrarent
565 3561 1041 3630 nonDliinom.Dtetom.D,
1054 3563 1193 3617 aazia·
1250 3606 1257 3617 ,

111 3639 115 3642 ’
206 3648 338 3716 menerual
353 3646 1015 3721 santiquanorunsctmflenmr'asaaeaare
1027 3667 1056 3718 p.
1068 3649 1132 3700 tar:
1126 3666 1192 3701 ·an-

207 3733 347 3802 tiquorum
366 3734 532 3804 Ababa!
559 3732 735 3789 bibliothecis
759 3735 842 3788 AOD
865 3733 1023 3789 bibliotecis
1049 3735 1093 3800 ΕΙ
1120 3735 1190 3855 curn]

206 3813 684 3890 nuncdplilMutianoABCDl
678 3822 774 3874 ΠΒ
