3168 4758
549 539 849 601 ...(53.-

208 706 359 771 defensus
391 718 446 769 sut
477 707 623 770 Licinius
652 707 789 771 Archias
819 706 962 770 faciunt:
995 704 1136 768 Catilina
1159 715 1191 769 et

208 797 290 876 Milo
312 825 345 876 et
360 815 476 877 Verres
501 824 533 875 et
553 813 717 876 Antonius
741 811 827 875 hanc
848 812 897 876 illi
915 812 1040 885 ,famem
1057 812 1191 874 circum-

209 920 387 994 dederunt;
399 940 466 982 uon
479 921 555 1002 quia
568 919 655 992 tanti
665 917 764 982 fuerit
774 920 821 982 rei
832 920 983 1002 publicae
995 920 1097 984 malos
1109 919 1191 981 ferre

130 1075 139 1092 .
210 1026 298 1090 ciues
320 1037 357 1089 ut
380 1027 513 1089 uberem
536 1026 578 1089 ad
600 1025 777 1088 dicendum
795 1026 963 1090 materiam
979 1037 1121 1090 oratores
1135 1026 1192 1087 ba·

77 1208 85 1231 N
166 1159 197 1201 35
210 1134 338 1207 berent,
355 1134 424 1209 sed,
451 1143 488 1196 ut
502 1132 641 1196 subinde
664 1132 835 1207 admoneo,
860 1134 1056 1214 quaestionis
1080 1132 1192 1199 metui·
1237 1167 1241 1175 =

209 1239 351 1303 nerimus
372 1239 574 1321 sciamusque
596 1258 656 1301 nos
679 1239 719 1300 de
743 1258 781 1301 ea
801 1260 835 1300 re
858 1240 948 1321 loqui
968 1259 1050 1321 quae
1065 1238 1192 1303 facilius

210 1345 348 1410 turbidis
370 1357 402 1409 et
421 1345 575 1427 inquietis
598 1344 797 1428 temporibus
813 1345 932 1408 extitit.
972 1345 1043 1427 quis
1063 1346 1193 1430 ignorat
1267 1348 1270 1362 '

210 1452 323 1516 utilius
350 1474 388 1516 ac
409 1433 525 1516 melius
553 1472 622 1515 esse
637 1431 711 1515 ¹frui
736 1442 817 1534 pace
841 1472 939 1534 quam
958 1452 1047 1515 bello
1061 1450 1194 1515 uexari?

211 1559 320 1642 plures
347 1570 456 1622 tamen
482 1558 584 1628 bonos
610 1559 818 1640 proeliatores
839 1557 925 1620 bella
947 1579 1054 1641 quam·
1064 1579 1129 1641 pax
1148 1558 1192 1620 fe·

165 1688 193 1729 40
207 1676 293 1726 runt.
320 1664 434 1729 similis
451 1664 656 1745 eloquentiae
673 1664 834 1727 condicio.
871 1685 947 1727 nam
964 1686 1026 1748 quo
1042 1665 1110 1748 quis
1125 1684 1192 1727 sae-

208 1772 281 1854 pius
296 1771 423 1833 steterit
438 1781 602 1852 tamquam
617 1772 652 1833 iu
669 1771 738 1834 acie
754 1792 881 1853 quoque
902 1771 1010 1853 plures
1029 1781 1061 1833 et
1075 1771 1193 1833 intule-

209 1878 250 1940 rit
274 1878 358 1941 ictus
374 1888 407 1940 et
422 1878 602 1960 exceperit,
620 1898 683 1959 quo
698 1878 801 1940 maior
821 1878 1022 1941 aduersarius
1045 1886 1077 1940 et
1092 1877 1194 1940 aerior

159 2034 166 2063 .=
210 1985 340 2065 quicum
365 2004 491 2066 pugnas
503 1983 574 2046 >sibi
595 1985 674 2048 istus
696 1984 922 2067 desumpserit,
941 1997 1032 2048 tanto
1051 1984 1146 2047 altior·
1161 1994 1193 2046 et

209 2090 365 2153 excelsior
380 2090 491 2153 stillis
506 2091 696 2154 nobilitatus
713 2091 953 2155 discriminibus
969 2092 1004 2153 in
1021 2111 1075 2154 ore
1090 2090 1192 2152 homi·

167 2229 194 2271 45
209 2219 289 2259 num
310 2197 390 2281 agit,
409 2217 546 2278 quorum
563 2219 600 2260 ea
615 2207 732 2262 natura
746 2208 794 2261 est
815 2208 852 2260 ut
867 2197 908 2237 *¹*
924 2218 1036 2260 secura
1051 2196 1167 2260 uelint.

210 2465 238 2513 3t
257 2460 408 2525 ArchiaEl
425 2460 542 2516 CatiliD
558 2462 562 2527 Ι
579 2463 610 2512 32
625 2460 856 2513 circundederunt
865 2460 960 2526 onst
976 2461 1008 2537 33
1021 2460 1104 2514 fuerit
1114 2460 1194 2513 Mod·

209 2546 298 2616 ut'pius
311 2563 412 2616 opuscc.
428 2548 504 2600 acad.
519 2547 541 2598 Ι
552 2565 582 2616 p.
601 2547 649 2598 192
658 2568 668 2597 .·
680 2546 734 2600 luit
751 2546 909 2615 ABODEl
922 2546 962 2599 rei
975 2545 1103 2616 publicae
1115 2547 1195 2599 Hea-

209 2631 760 2703 mannas-rspubeuA.r.p.13rem.p.
777 2629 1192 2701 commutemus}

210 2721 306 2772 36nos
325 2737 375 2772 om.
390 2720 419 2773 B
434 2730 439 2782 Ι
455 2719 487 2770 37
501 2717 595 2771 existit
611 2716 720 2788 Lapsdrs
734 2717 740 2784 Ι
755 2716 875 2771 osberto
893 2735 1009 2783 coruos
1029 2718 1192 2788 bellule

210 2803 292 2875 rixari
315 2806 346 2859 1)
361 2808 366 2871 Ι
381 2807 414 2856 39
435 2804 614 2875 praeliatores
637 2805 719 2858 BOD
743 2803 903 2874 preliatores
927 2805 957 2857 E
967 2806 971 2869 Ι
988 2809 1020 2856 40
1037 2802 1194 2873 eloquentis

211 2889 330 2944 Schedius
345 2893 351 2956 Ι
365 2889 485 2942 conditio
500 2890 582 2944 CDE
591 2893 596 2956 Ι
611 2890 674 2958 quis
687 2889 796 2955 inserui,
806 2889 955 2958 scirpeam
964 2894 1025 2959 post
1034 2889 1141 2942 steterit
1150 2908 1194 2942 cs·

209 2975 302 3029 riddo
308 2975 425 3045 patabat
437 2974 543 3042 osstorl
557 2980 585 3028 41
598 2975 652 3028 atie
665 2991 776 3045 quoque
785 2976 816 3029 1>
826 2974 830 3044 Ι
842 2981 871 3027 et
880 2992 931 3028 om.
943 2976 968 3030 0
976 2977 979 3042 Ι
992 2978 1024 3027 42
1035 2974 1142 3046 excepit
1151 2978 1194 3045 Dl

211 3077 319 3131 quoque
338 3064 367 3116 B
382 3061 518 3128 [maiores
538 3060 711 3114 aduersarios
729 3059 914 3113 Bocttt'elorus
928 3063 934 3127 Ι
949 3067 978 3114 et
995 3063 1096 3117 aBr.e1
1114 3066 1142 3115 A
1162 3079 1194 3115 eo

212 3149 292 3203 ODE
307 3156 352 3200 est
368 3135 396 3200 et
411 3147 534 3201 Rittsrus
548 3145 554 3218 Ι
568 3154 597 3201 et
614 3145 731 3200 acriores
750 3163 856 3216 pugnas
873 3146 990 3200 Orellius
1005 3150 1010 3212 Ι
1031 3151 1064 3199 43
1084 3148 1196 3217 quicum

210 3232 338 3287 Latinius
357 3231 419 3285 titt.
439 3232 481 3284 II
492 3249 521 3298 p.
536 3234 586 3285 37:
605 3232 654 3301 qui
666 3231 783 3287 ABDE
798 3249 848 3303 per
862 3233 903 3299 01
917 3232 986 3285 istas
999 3233 1108 3303 scripsi:
1123 3233 1195 3303 ipsas

210 3319 321 3374 AODE
335 3319 395 3391 ipse
412 3322 440 3374 B
452 3336 564 3388 asperas
577 3338 599 3389 p
612 3319 677 3389 ipsa
694 3317 811 3372 Orella'as
826 3318 830 3386 Ι
853 3321 885 3370 44
899 3317 1062 3372 nobilitatus
1081 3336 1150 3371 sorr.
1165 3337 1197 3372 ec

210 3404 365 3458 nobilitatis
384 3408 413 3459 B
431 3404 577 3459 nobilitate
593 3405 624 3458 D
642 3402 787 3458 nobilitata
809 3403 938 3457 Latinius
965 3403 969 3471 Ι
996 3402 1195 3459 discriminibus

209 3491 336 3560 seprius.-
355 3491 517 3545 criminibus
543 3489 683 3546 ABODE
707 3488 900 3542 certaminibus
919 3489 1060 3543 Acidalius
1080 3494 1087 3553 Ι
1105 3485 1138 3542 45
1158 3490 1196 3543 la·

130 3626 132 3631 .
210 3594 306 3630 eanum
319 3577 426 3646 primas
445 3575 574 3631 indicauit
590 3575 728 3646 Apm‘cola.
748 3582 780 3627 ut
799 3575 942 3645 ancipitia,
963 3592 1020 3629 non
1041 3592 1135 3629 secura
1152 3592 1197 3628 ue·

210 3662 263 3716 lint
278 3662 428 3734 &topanta
446 3671 479 3716 ut
503 3650 600 3716 secura
624 3661 753 3727 laudent,
775 3659 859 3714 dubia
884 3661 973 3714 uelint
995 3661 1146 3715 Heinius*
1167 3668 1197 3713 ut

106 3802 113 3809 ,
210 3747 271 3800 aliis
284 3749 378 3815 dubia,
394 3749 447 3802 sibi
460 3758 492 3802 ut
505 3765 603 3802 secura
616 3747 706 3801 uelint
718 3746 850 3801 Ritterus.
870 3755 901 3799 ut
916 3763 1012 3800 secura
1023 3746 1113 3800 nolint
1125 3746 1197 3799 Ros-

210 3853 300 3889 nanus
