3168 4758
593 503 895 563 ...55-

250 668 346 734 initia
364 680 396 744 et
411 668 537 734 semina
551 669 671 734 ueteris
687 658 890 753 eloquentiae
906 669 983 735 eatis
996 670 1238 737 demonstrasse

250 777 375 854 uideor,
393 762 539 842 docendo
560 780 677 860 quibus
699 777 820 842 artibus
842 776 969 860 antiqui
989 788 1130 842 oratores
1146 778 1238 845 inati-

250 883 300 947 tui
315 872 499 967 erudirique
515 884 601 950 soliti
616 886 692 961 sint,
707 905 881 968 persequar
893 907 980 948 nunc
992 885 1237 951 exercitationes

205 1009 234 1057 ro
249 1011 374 1055 eurum.
406 992 603 1075 quamquam
624 992 704 1075 ipsis
719 991 843 1057 artibus
858 992 944 1057 inest
960 991 1157 1077 exercitatio,
1174 1015 1236 1056 nec

249 1098 421 1182 quiequam
436 1100 607 1183 percipere
623 1108 672 1164 tot
687 1111 756 1164 tam
769 1099 962 1173 reconditae,
981 1111 1048 1164 tarn
1063 1102 1170 1167 uarias
1185 1122 1236 1165 ree

247 1215 356 1289 potest
370 1190 434 1270 nisi
449 1216 487 1270 ut
501 1206 655 1270 scientiae
670 1206 850 1284 meditatio,
864 1205 1070 1271 meditationi
1085 1208 1235 1284 facultas,

248 1312 396 1377 facultati
412 1335 491 1378 naua
507 1313 711 1396 eloquentiae
727 1314 870 1378 accedat.
902 1336 960 1398 per
973 1335 1057 1396 quae
1073 1315 1237 1398 colligitur

249 1420 388 1482 eandem
410 1441 478 1485 esse
500 1420 660 1485 rationem
682 1432 715 1484 et
728 1420 933 1504 percipiendi
947 1441 1029 1503 quae
1044 1420 1187 1505 proferas
1202 1432 1237 1484 et

205 1551 232 1594 25
247 1526 433 1609 proferendi
455 1550 538 1610 quae
556 1529 750 1612 perceperis.
782 1529 841 1590 aed
856 1527 939 1592 sicui
953 1527 1139 1591 obscuriora
1154 1527 1235 1591 haec

247 1631 403 1696 uidentur
413 1635 506 1717 inque
517 1633 689 1699 scientiam
700 1635 742 1699 ab
754 1634 985 1699 exercitatione
998 1645 1137 1717 separat,
1147 1635 1235 1698 istud
1303 1714 1305 1719 Ι

247 1748 333 1802 certe
355 1742 522 1818 concedet,
539 1743 736 1806 instructum
756 1753 789 1806 et
809 1742 944 1826 plenum
957 1740 1009 1804 his
1026 1742 1148 1805 artibus
1166 1741 1234 1805 ani·

246 1861 337 1911 mum
351 1847 448 1932 longe
463 1848 659 1932 paratiorem
675 1850 717 1913 cd
733 1871 787 1915 eea
800 1848 1046 1913 exercitationes
1057 1857 1233 1911 uenturum
1284 1837 1292 1855 '

246 1954 331 2038 quae
360 1956 509 2040 propriae
539 1977 609 2021 esee
641 1967 805 2020 oratorum
830 1954 993 2019 uidentur.
1043 1976 1119 2038 ergo
1146 1955 1234 2038 apud
1244 1956 1286 2018 34

245 2062 384 2127 maiores
400 2076 526 2127 nostros
541 2064 671 2127 iuuenis
685 2064 741 2127 ille
756 2062 813 2146 qui
827 2062 897 2125 foro
912 2072 944 2125 et
958 2061 1162 2144 eloquentiae
1173 2082 1237 2144 pu·
1347 2064 1351 2073 '

246 2172 392 2245 rebatur,
417 2170 562 2235 imbutus
587 2171 653 2235 iarn
682 2170 858 2249 domestica
884 2168 1073 2252 disciplina,
1095 2169 1232 2236 refertus

228 2277 390 2342 'honestis
412 2277 539 2355 studiis,
558 2277 780 2341 deducebatur
798 2286 922 2360 epatre
938 2277 994 2340 uel
1009 2274 1233 2359 apropinquis

214 2542 218 2548 ’
247 2558 278 2608 18
296 2555 394 2609 uideor
411 2572 478 2608 corr.
500 2558 544 2610 B:
562 2554 672 2609 uidetur
694 2555 835 2610 ABC‘DE
853 2553 857 2622 Ι
885 2558 916 2608 19
935 2571 1083 2625 peraequat
1099 2571 1166 2606 corr.
1186 2556 1233 2608 B.-

245 2658 395 2711 pereequor
414 2643 555 2696 ABODE
576 2645 581 2706 Ι
603 2657 676 2694 nunc
695 2658 747 2694 om.
765 2641 797 2695 D
819 2640 825 2710 Ι
846 2641 879 2692 20
897 2639 950 2708 ipai
968 2637 1019 2709 ΙΙΙ
1040 2642 1070 2691 21
1092 2638 1231 2709 percipere

244 2745 295 2780 om.
309 2730 340 2782 D
361 2719 376 2798 Ι
387 2711 445 2783 tani
458 2727 614 2782 reconditae
633 2727 773 2780 Muretus:
783 2732 840 2780 aut
859 2724 1015 2779 reconditae
1026 2726 1108 2780 AOD
1125 2732 1174 2779 ant
1191 2743 1234 2778 re·

245 2814 369 2868 conditae
387 2812 427 2852 Μ
444 2817 473 2870 Β
490 2815 609 2880 (adeum
628 2820 675 2867 aut
691 2813 750 2865 add.
771 2811 793 2875 d)
810 2817 839 2864 et
920 2818 968 2865 aut
985 2811 1140 2865 reconditae
1151 2813 1181 2868 E
1190 2828 1233 2863 re-

245 2916 370 2969 conditae
389 2923 437 2970 aut
458 2936 478 2986 p
504 2916 508 2986 Ι
535 2923 645 2985 tamque
664 2916 755 2969 uanae
774 2915 903 2969 Halalae
924 2919 929 2980 Ι
953 2918 985 2990 22
1002 2903 1037 2986 'pt
1053 2917 1084 2970 D
1103 2913 1108 2982 Ι
1128 2920 1160 2966 ut
1178 2913 1228 2966 dcl.

243 3003 382 3077 Acidaliae
404 3002 408 3071 Ι
430 3000 610 3069 meditatione
621 3003 652 3057 D
672 3006 677 3067 Ι
699 3002 731 3054 23
745 3018 814 3055 uana
826 3000 977 3055 Acidalim:
996 3001 1045 3077 uia
1061 3000 1172 3055 ABOE
1187 2999 1231 3051 iue

179 3075 180 3078 ‘
243 3091 275 3146 u
289 3092 294 3153 ι
310 3087 483 3158 eloquentiae
495 3088 546 3140 nr.
557 3086 792 3158 suppeteretur.
800 3086 886 3139 XIX
890 3105 919 3156 p.
930 3089 980 3139 rer
995 3086 1000 3156 Ι
1017 3089 1049 3138 24
1059 3085 1209 3140 anaema
1223 3083 1228 3150 Ι

244 3173 391 3244 percipiedi
402 3176 433 3230 D
447 3174 452 3243 Ι
468 3177 501 3226 25
519 3173 683 3244 perceperis]
696 3172 813 3244 percipis
824 3177 881 3229 AB
897 3174 901 3242 Ι
917 3176 950 3225 26
963 3178 1071 3242 teperet
1085 3174 1115 3226 D
1135 3171 1140 3237 Ι
1160 3169 1230 3223 illud

243 3260 311 3315 bOE
327 3260 356 3313 id
371 3262 402 3314 D
422 3266 435 3335 Ι
449 3263 481 3312 27
502 3259 634 3313 concedet
651 3254 719 3313 coir.
734 3277 766 3315 ea
778 3258 929 3317 contendet
936 3261 971 3314 vD
990 3262 995 3323 Ι
1011 3260 1043 3310 28
1063 3255 1229 3328 paratiorem

130 3402 132 3408 ,
242 3345 365 3416 nqeue
380 3353 447 3419 pate
459 3350 487 3401 Α
504 3349 601 3416 paratu
613 3348 650 3409 B,
664 3348 740 3400 ardu
751 3345 782 3399 ia
794 3344 835 3399 tt.
855 3345 877 3411 (b
885 3344 907 3413 l)
926 3350 1019 3413 aperte
1034 3344 1160 3412 Operate
1172 3343 1232 3399 DE

242 3430 449 3500 paratissimum
461 3432 612 3486 Halmius*
627 3437 632 3497 Ι
648 3435 681 3485 29
693 3432 789 3503 propie
799 3434 828 3491 B
843 3435 848 3496 Ι
864 3447 924 3484 eaae
934 3436 1074 3484 oratorum
1083 3425 1228 3496 Apricolo:

242 3525 271 3571 et
283 3523 442 3573 ornaturum
454 3521 511 3574 AB
528 3522 700 3584 [caveram
705 3519 803 3586 suerat
815 3521 856 3583 ex)
868 3519 899 3571 D
908 3523 939 3570 et
949 3522 1107 3571 ornatorum
1118 3514 1176 3569 00¹
1183 3531 1228 3566 or·

241 3611 369 3661 naturum
381 3606 412 3660 E
427 3605 499 3660 circa
516 3604 665 3659 oratorium
678 3604 693 3655 b
705 3603 734 3656 ἐπ
752 3621 838 3673 morp.
857 3603 904 3669 (itu
922 3602 960 3655 cd.
975 3600 1117 3672 pr.,·circa
1137 3605 1227 3653 orate·
1316 3668 1320 3673 Ι

240 3690 310 3743 riam
316 3694 346 3760 p)
363 3695 501 3745 oratorum
519 3689 661 3744 Bromius
944 3740 945 3743 ,

311 3779 326 3829 2
340 3776 556 3857 praeparabatur
568 3776 689 3830 Rittcnra
705 3779 710 3842 Ι
726 3775 885 3839 3relerctne
898 3777 934 3837 B,
950 3791 1018 3837 cerr.
1034 3773 1049 3825 b
