3168 4758
371 747 569 814 cubnixoein
579 771 707 814 summe
716 771 822 814 rerum
831 750 976 823 omnium
988 749 1353 814 abundantiaconfiten·
1370 770 1400 814 rt

369 866 422 920 ‚tce
436 854 472 919 id
486 855 574 939 quod
589 855 747 939 optimum
761 856 804 921 eit
817 879 852 922 se
866 879 933 922 uon
951 855 1094 921 heberet
1116 856 1183 921 iam
1204 877 1281 921 uero
1296 857 1353 940 qui

372 973 557 1047 togatorum
571 961 743 1029 comitatus
759 973 792 1027 et
807 985 964 1047 egressus,
984 985 1067 1048 quee
1082 964 1119 1028 in
1133 962 1266 1047 publico
1280 986 1352 1047 epe·

370 1069 448 1145 oica,
470 1089 555 1152 quee
575 1068 611 1133 in
632 1068 761 1135 iudiciis
784 1070 967 1135 ueneratio!
997 1070 1086 1154 quod
1113 1069 1171 1157 [id]
1195 1070 1352 1155 gaudium

372 1177 592 1260 consurgendi
613 1174 849 1261 aeeietendique
863 1177 950 1243 inter
966 1188 1113 1243 tacentes
1134 1187 1169 1241 et
1190 1175 1227 1240 in
1248 1198 1353 1241 uuum

372 1283 563 1348 conuersos!
588 1283 674 1348 coire
695 1283 855 1368 populum
869 1297 904 1349 et
917 1284 1136 1351 circumfundi
1153 1304 1306 1348 coronam
1321 1293 1354 1347 et
1368 1292 1401 1336 20

374 1388 519 1475 accipere
539 1389 690 1454 effectum
711 1411 952 1477 quemcumquq
961 1401 1075 1473 „Qatpr
1082 1390 1258 1470 induerit!
1281 1390 1456 1481 nul-ddja,
1470 1403 1504 1451 „a
1519 1414 1538 1443 ι

337 1501 343 1525 t
372 1477 447 1577 gete
469 1495 648 1563 dicentium
669 1498 791 1581 gaudia
812 1496 1354 1619 et,i912fi{t⁰tl}mffl0q⁰0⁰0uli⁸
1372 1475 1569 1609 ‘limatum

372 1603 520 1686 exposita
544 1625 739 1687 percenseo:
767 1603 826 1668 ille
844 1574 1031 1668 ''eddredcr‘d
1040 1576 1088 1667 “dt
1114 1613 1246 1668 tantum
1273 1603 1353 1686 ipsis

337 1712 343 1719 ’
373 1709 539 1774 crantibus
561 1722 638 1774 nota
652 1710 775 1775 maiora
789 1721 876 1775 aunt.
916 1711 986 1775 siue
1008 1721 1195 1777 accuratam
1218 1710 1354 1774 medita·

349 1855 351 1859 <
374 1828 504 1900 tamque
524 1817 646 1901 profert
665 1817 865 1895 cretionem,
891 1827 940 1884 eet
960 1819 1127 1901 quoddam
1147 1817 1232 1881 sicut
1250 1817 1354 1899 ipsine
1370 1832 1401 1876 ae

276 1994 304 2017 ω
373 1922 525 1987 dictionis
540 1926 586 1988 ita
599 1924 710 2006 gaudii
724 1925 853 2008 pondus
870 1935 903 1989 et
918 1923 1106 1989 constantie
1114 1947 1123 1999 3
1149 1923 1220 1988 siue
1235 1944 1356 1987 nouam

184 2009 196 2031 ι’
221 2004 307 2097 tm
373 2042 407 2093 et
420 2040 583 2095 recentem
599 2051 709 2094 curam
723 2050 791 2094 non
806 2030 876 2095 eine
896 2029 1006 2114 eliqua
1021 2029 1238 2114 trepidatione
1254 2030 1356 2094 enimi
1383 2012 1386 2018 ’

374 2135 530 2213 attulerit,
550 2137 621 2219 ipse
641 2136 827 2209 sollicitudo
848 2137 1058 2203 commendet
1080 2148 1237 2201 euentum
1258 2147 1292 2200 et
1310 2136 1355 2200 le·

374 2242 546 2308 nociuatur
559 2244 732 2327 uoluptati.
771 2245 829 2308 eed
844 2244 1073 2328 extemporalis
1088 2243 1244 2309 audaciae
1259 2254 1355 2327 atque

1572 1239 1580 1291 t

374 2349 476 2434 ipsius
498 2349 688 2414 temeritatis
711 2350 767 2414 uel
788 2349 962 2436 praecipua
981 2351 1167 2416 iucunditas
1188 2362 1250 2416 eet.
1279 2372 1357 2417 nam
1372 2359 1403 2402 ³0

374 2456 409 2520 ἕω
429 2457 563 2541 ingenio
584 2478 712 2541 quoque
731 2456 819 2521 sicut
839 2457 874 2520 in
891 2479 980 2541 agro,
1007 2479 1204 2542 quemquam
1218 2457 1283 2521 alia
1299 2456 1354 2520 diu

375 2573 524 2627 terantur
544 2574 643 2645 atque
663 2563 882 2651 elaberentur,
905 2562 1047 2647 gratiora
1070 2577 1180 2629 tamen
1201 2586 1284 2648 quac
1299 2584 1357 2627 sue

345 2671 491 2753 tepente
512 2680 701 2735 nascuntur.
749 2670 917 2752 equidem,
941 2684 978 2736 ut
1002 2672 1043 2735 de
1065 2693 1118 2736 me
1146 2674 1217 2755 ipso
1239 2671 1356 2748 fatear,

378 2910 408 2960 le
424 2907 557 2962 subnixos
570 2907 682 2962 aeon:
696 2908 810 2962 eonixce
822 2909 881 2961 AD
900 2910 905 2979 Ι
928 2926 1007 2964 cuma
1017 2910 1046 2962 B
1066 2909 1071 2979 Ι
1096 2914 1125 2963 17
1140 2915 1295 2964 comutatue
1306 2908 1337 2961 D
1350 2909 1356 2971 Ι

285 2996 287 2999 ’
375 3009 539 3064 aegraeeeur
555 2992 580 3047 0
598 3001 603 3060 Ι
626 2993 730 3066 spetiee
746 2992 798 3047 ΟΕ
812 2995 980 3066 (plerumque)
1006 2998 1014 3062 Ι
1034 2996 1066 3047 18
1079 2994 1108 3048 id
1121 3013 1204 3065 erup
1226 2993 1357 3064 illudat

379 3084 410 3133 29
422 3079 583 3149 areurgendi
595 3079 821 3151 remittendique
833 3079 863 3134 Ε
874 3082 879 3147 Ι
900 3082 933 3134 20
945 3081 1040 3134 oohire
1052 3080 1083 3134 Ε
1095 3089 1100 3142 Ι
1115 3096 1244 3135 eoronam
1257 3079 1359 3134 Aaou·

376 3166 445 3221 tom
455 3171 518 3220 ocra
529 3165 688 3237 ΑΒΟΒΕΙ
704 3168 735 3221 21
749 3182 940 3237 quemcunque
954 3164 994 3219 0:
1014 3183 1205 3238 quemoonquc
1217 3166 1248 3220 D
1272 3182 1358 3238 quen·

375 3268 482 3323 cunque
498 3251 528 3306 Ε
547 3241 844 3323 quandoctimqueAB
867 3252 1068 3323 quacumqueb
1087 3251 1117 3305 ἐπ
1128 3269 1215 3323 marq.
1235 3250 1359 3321 qualem·

376 3354 496 3408 cumque
508 3337 639 3393 Hermiae
661 3338 665 3407 Ι
687 3337 809 3392 induerit
824 3337 921 3392 ODE:
941 3338 1074 3392 indueret
1084 3339 1142 3391 AB
1164 3337 1304 3391 induxerit
1322 3337 1358 3407 ὀΙ

376 3424 497 3496 Vulgata
509 3424 538 3477 B
546 3422 579 3495 (V
590 3424 613 3494 2)
628 3423 754 3495 uulgaria
765 3423 896 3477 Halmiur
904 3425 974 3495 *Ι23
988 3440 1139 3495 proceneeo
1152 3423 1183 3476 D
1194 3439 1282 3494 paruo
1294 3439 1360 3476 cen·

375 3527 423 3565 reo
435 3509 585 3564 Beroaldus
605 3513 611 3572 Ι
632 3509 687 3581 ipei
703 3508 821 3564 orentii>
844 3511 848 3578 Ι
870 3512 904 3563 24
923 3508 1026 3564 maimo
1043 3516 1109 3564 eunt
1126 3508 1177 3563 det.
1198 3507 1359 3576 Acidaliurl

377 3599 410 3653 25
422 3596 525 3668 perfert
540 3595 591 3649 OE
604 3596 727 3667 proferre
741 3594 770 3648 D
790 3594 795 3662 Ι
817 3596 848 3646 22
863 3601 927 3649 cure
939 3595 970 3649 D
983 3601 990 3660 Ι
1004 3595 1090 3650 animi
1102 3594 1234 3648 Poetae:
1246 3593 1358 3648 enimus

376 3681 533 3745 ABODEl
548 3684 582 3735 28
595 3678 741 3737 eolioitudo
753 3678 837 3733 BOD
852 3680 858 3750 Ι
872 3679 1047 3746 lenocinatur
1058 3681 1087 3734 B
1101 3684 1107 3746 Ι
1123 3681 1155 3734 29
1168 3679 1296 3734 audatiae
1309 3679 1338 3732 D
1352 3680 1356 3747 Ι

377 3770 410 3822 31
422 3771 451 3822 in
465 3769 525 3822 odd.
541 3754 694 3823 oPirtoe'er
716 3769 733 3831 (i
745 3764 826 3835 genio
838 3770 874 3830 ΑΙ
898 3768 903 3833 Ι
919 3782 1076 3836 quanquam
1092 3764 1145 3820 ΟΕ
1160 3766 1165 3833 Ι
1181 3765 1236 3819 alia
1248 3784 1290 3818 om
1306 3764 1362 3818 01>
1433 3789 1437 3796 ·

449 3873 461 3923 1
475 3870 535 3938 ipre
545 3870 574 3923 B
