3168 4758
706 499 789 515 -v-
833 464 898 525 vm
942 498 1027 507 —

437 638 568 697 omnium
582 635 696 717 dialopi
704 637 886 698 Germaniae
899 636 1065 718 srapmenti
1076 631 1361 713 Suetonium-codi-

268 808 271 823 ,
374 757 442 800 eum
464 731 606 820 quotqnu
623 739 761 800 nouimus
783 736 868 801 ltodie
891 747 1008 802 constat
1035 756 1219 802 communem
1245 734 1360 814 fontem

372 861 436 905 esse
464 841 577 903 librum
598 841 702 919 illum,
733 859 820 923 quem
846 842 1000 903 Henoclt
1029 838 1248 906 Asculanus
1277 861 1362 904 anno
1412 826 1415 834 ’

359 939 451 1011 'titt
473 944 635 1009 aNicolao
656 945 677 1003 V
687 944 825 1024 pontifice
840 946 994 1022 mamiato,
1020 944 1210 1008 bibliothecae
1230 947 1356 1007 Vatica-

372 1070 430 1113 nae
445 1049 612 1125 conditore,
627 1030 907 1127 ‘adinquirendum
922 1056 951 1110 et
966 1047 1244 1111 transscribendum
1263 1045 1361 1109 libros

374 1141 520 1234 antiquos'
537 1153 570 1213 in
587 1150 719 1212 Galliam
736 1150 933 1212 Germaniam
948 1142 1080 1212 Danin'rn
1102 1152 1212 1212 musas
1234 1152 1264 1211 in
1286 1169 1361 1210 mo-

373 1256 506 1317 nasterio
526 1253 653 1336 quodam
670 1252 852 1314 Germaniae
873 1255 1017 1334 repperit.
1043 1253 1120 1334 qaod
1141 1254 1360 1314 moreasterium

371 1365 465 1437 potest
485 1375 558 1420 sanc
577 1355 673 1435 fuisse
696 1353 910 1433 Hersfeldeuse
935 1353 1026 1436 (conf.
1049 1354 1230 1419 Vrlieltsium
1250 1357 1308 1443 Eos
1325 1356 1363 1415 lt·

371 1479 403 1541 p.
423 1461 496 1522 230.
516 1460 572 1519 35⁴
593 1463 703 1541 sepa).
727 1475 800 1519 nam
819 1456 1087 1519 Gorbeinelibrum
1103 1459 1184 1521 illurn
1203 1466 1360 1539 repertum

341 1630 343 1639 ,
372 1581 431 1624 non
452 1580 514 1625 esse
539 1559 744 1642 probabilibus
773 1562 958 1642 arpumentis
973 1561 1189 1637 ¹demonstrari
1210 1557 1359 1643 potest¹)r

323 1697 329 1700 ⁴
373 1664 521 1726 Fuldense
550 1684 624 1727 uero
653 1665 867 1745 monasterium
897 1672 931 1725 ut
959 1662 1098 1727 laborisse
1125 1666 1197 1727 olim
1225 1666 1358 1726 codicem

373 1767 487 1849 dialopi
499 1786 576 1828 nono
590 1766 655 1846 sere
669 1765 787 1828 saeculo
803 1767 947 1844 scriptum
967 1785 1066 1847 poene
1088 1777 1204 1840 certum
1224 1776 1284 1843 est,
1312 1771 1361 1829 ita
1416 1834 1419 1841 Α

371 1869 490 1931 saeculo
505 1868 554 1929 ael
568 1871 656 1931 tertio
670 1868 782 1931 decimo
803 1868 855 1929 uel
875 1877 982 1950 quarto
1005 1868 1117 1931 decimo
1132 1869 1211 1931 bunc
1225 1869 1360 1930 codicem
1426 1925 1430 1932 .

371 1974 510 2050 periisse,
526 1973 636 2034 utiam
650 1991 709 2033 non
722 1980 822 2052 posset
836 1972 899 2052 ipse
915 1972 955 2033 ab
965 1972 1102 2042 Henoclto
1118 1974 1259 2053 reperim,
1275 1992 1359 2054 pro-

373 2074 446 2136 bare
459 2093 597 2154 possum;
622 2075 702 2155 qaod
721 2083 819 2137 tamen
834 2092 903 2135 cuns
918 2093 978 2136 non
991 2094 1090 2137 meum
1104 2077 1260 2136 inuentam
1274 2076 1313 2137 sit
1328 2077 1361 2135 ei

372 2178 442 2241 uiro
461 2177 664 2239 illustrissimo
686 2177 951 2239 demonstrandam
973 2177 1126 2258 relinquo,
1154 2196 1247 2258 peaes
1269 2196 1356 2258 quem

373 2281 575 2362 antiquissimi
600 2281 711 2341 radicis
740 2279 899 2342 Fuldensis
935 2281 1057 2342 lacerae
1090 2282 1238 2362 reliquiae
1268 2280 1360 2340 bodie

373 2401 488 2465 quoque
503 2390 621 2444 entant.
652 2390 686 2444 nt
707 2383 803 2463 ipitur
825 2383 946 2444 redeam
963 2384 1006 2444 ad
1026 2377 1164 2465 ἕρμαιον
1179 2382 1358 2475 Henoeltin·

372 2505 461 2563 neem,
480 2486 544 2547 eius
558 2486 695 2548 notitiem
711 2484 849 2560 debemus
867 2487 990 2547 loreiano
1005 2488 1149 2564 Pontano,
1169 2489 1257 2548 cuius
1273 2507 1358 2548 nar·

372 2589 518 2650 rationem
534 2589 567 2648 in
589 2588 689 2651 codice
703 2591 729 2648 B
742 2607 774 2668 p.
794 2582 850 2648 lib
867 2588 908 2649 ad
930 2588 1023 2650 libelli
1039 2589 1217 2651 Suetoninni
1236 2591 1358 2652 initium

287 2768 290 2774 .
372 2691 561 2770 adscriptam
583 2691 673 2753 babes
695 2690 783 2751 ltnnc.
820 2692 854 2751 G.
874 2692 1044 2752 Suetonius
1068 2692 1194 2770 scripsit
1215 2690 1254 2753 de
1276 2694 1356 2754 uiris

263 2868 266 2875 ⁴
373 2793 567 2870 illustribus,
587 2795 676 2855 cuius
693 2793 871 2873 exemplum
891 2792 1031 2874 [secutis]
1050 2806 1181 2856 secutus
1197 2795 1359 2875 Hierony-

331 2904 332 2907 ’
373 2914 443 2957 mus
466 2897 534 2976 ipse
558 2883 682 2976 quoque
706 2895 845 2956 libellum
869 2895 909 2956 de
930 2897 1140 2977 scriptoribus
1164 2897 1357 2958 Christianis

371 2998 484 3060 edidit.
524 3017 626 3079 nuper
655 3000 749 3060 etium
784 2999 1020 3061 Burtbolomeus
1049 2997 1358 3062 Fnaius'lnmilieris

373 3111 479 3164 noster
499 3101 539 3162 de
563 3103 685 3163 uiribus
707 3101 885 3162 illustribus
905 3105 1057 3182 temporis
1077 3104 1126 3164 sui
1148 3104 1245 3165 libros
1263 3123 1368 3176 com-7
1433 3142 1436 3146 Α

441 3308 465 3369 tt
487 3308 555 3371 quod
573 3308 703 3359 Wibaldus
718 3307 875 3359 Carteienses
894 3318 962 3358 amno
976 3311 1043 3357 ttts
1062 3311 1097 3359 ad
1108 3312 1288 3374 Manepoldnm
1299 3312 1356 3360 Pa·

370 3375 567 3427 derborncnsem
578 3377 665 3428 scribit
683 3379 742 3439 lege
755 3377 952 3441 Tranquillum,
973 3379 1029 3441 lege
1048 3380 1201 3429 Cornelium
1215 3379 1353 3444 Nepotem

371 3448 398 3494 et
410 3445 478 3494 ulios
490 3444 624 3509 quosdam
637 3445 750 3508 gentiles
762 3446 797 3495 de
810 3446 879 3498 uiris
892 3446 1067 3498 illustribus>
1083 3451 1157 3499 tantu
1175 3461 1235 3498 esse
1249 3449 1353 3512 scripta

370 3512 503 3575 intelliges
521 3527 596 3578 quse
610 3516 655 3565 uix
672 3528 689 3564 a
708 3528 847 3579 quoquam
866 3516 1070 3572 studiosissimo
1089 3518 1140 3580 legi
1152 3519 1260 3581 possint
1275 3520 1353 3583 (cons.

370 3596 486 3632 monam.
504 3583 599 3635 Gorbet.
615 3586 680 3634 edita
693 3598 709 3633 a
722 3586 838 3647 Plttltppo
850 3588 949 3648 laffdp.
965 3588 1035 3647 tlt),
1052 3590 1099 3638 ltoc
1118 3601 1131 3638 e
1150 3589 1279 3638 notissimo
1298 3590 1358 3637 loco

370 3650 496 3700 leronimi
516 3652 658 3716 presbiteri
683 3654 722 3714 (lb.
741 3668 768 3715 p.
785 3654 843 3714 ms)
864 3656 986 3705 baustum
1004 3657 1122 3719 uidetur,
1147 3661 1192 3720 qai
1210 3658 1305 3719 lepltur
1325 3659 1356 3706 in

367 3724 528 3785 praefatione
541 3723 600 3771 libri
612 3723 642 3772 de
654 3726 720 3772 utris
732 3723 875 3774 illustribus
887 3726 913 3775 ll
918 3738 946 3786 p.
963 3727 1008 3773 stt
1029 3726 1093 3776 Vall.
1143 3737 1150 3745 ⁴
1363 3739 1365 3744 ·
