3168 4758
165 684 192 725 ιο
207 672 379 746 postquam
403 660 504 745 longa
518 670 698 743 temporum
715 657 806 739 quies
827 666 860 720 et
875 656 1065 719 continuum
1080 657 1195 740 populi

209 768 312 831 otium
328 778 361 830 et
375 767 505 831 assidua
519 778 650 829 senatus
666 763 883 846 tranquillitas
900 775 932 826 et
946 764 1086 827 maxime
1106 763 1193 846 prin-

209 876 290 959 cipis
307 873 480 956 disciplina
494 874 599 956 ipsam
615 883 742 955 quoque
753 871 976 953 eloquentiam
991 870 1075 934 sicut
1086 869 1195 933 omnia

119 1044 130 1061 ,
190 963 195 969 ’
212 983 274 1046 alia
290 990 472 1064 pacauerat.
520 1000 657 1062 paruum
673 989 706 1041 et
719 977 894 1041 ridiculum
916 979 1051 1042 sortasse
1065 977 1191 1040 uidebi-
1202 979 1246 1041 39

212 1099 266 1152 tur
286 1088 372 1169 quod
395 1087 542 1149 dicturus
567 1107 652 1161 sum,
676 1067 782 1148 dicam
807 1096 916 1147 tamen
939 1084 993 1147 uel
1015 1086 1089 1149 ideo
1104 1094 1142 1147 ut
1155 1085 1196 1147 ri-

212 1197 297 1258 dear.
340 1204 503 1276 quantum
519 1191 712 1255 humilitatis
727 1203 879 1274 putamus
896 1191 1098 1274 eloquentiae
1114 1193 1197 1253 attu-

210 1301 284 1365 lisse
311 1301 467 1384 paenulas
495 1300 572 1362 istas
600 1286 718 1380 quibus
743 1297 889 1361 adstricti
912 1310 945 1360 et
964 1300 1057 1362 uelut
1078 1298 1197 1362 inclusi

182 1437 195 1476 s
211 1429 286 1471 cum
300 1407 463 1471 iudicibus
478 1405 682 1469 fabulamur?
712 1416 870 1488 quantum
884 1406 1004 1468 uirium
1020 1385 1199 1467 detraxisse

211 1513 349 1577 orationi
366 1513 529 1576 auditoria
545 1522 578 1574 et
592 1510 754 1576 tabularia
770 1512 931 1575 credimus
946 1512 980 1573 in
998 1511 1115 1593 quibus
1130 1513 1197 1573 iam

94 1605 96 1611 ¹
210 1621 277 1683 iere
292 1618 454 1702 plurimae
468 1638 584 1681 causae
600 1617 825 1702 explicantur?
846 1639 923 1681 nam
940 1638 1004 1700 quo
1026 1620 1124 1680 modo
1139 1639 1198 1680 no·

212 1726 293 1789 biles
314 1746 413 1807 equos
437 1745 549 1787 cursus
571 1734 604 1785 et
625 1725 730 1806 spatia
752 1724 912 1806 probant,
936 1726 983 1788 sio
1006 1737 1056 1788 est
1078 1724 1199 1806 aliquis

211 1843 371 1901 oratorum
389 1852 535 1914 campus,
553 1851 727 1912 per-quem
741 1831 805 1894 nisi
821 1830 914 1894 liberi
930 1841 967 1894 et
977 1831 1076 1895 soluti
1091 1831 1199 1894 feran-

167 1958 194 1999 ιι
212 1951 275 2016 tur,
301 1938 489 2001 debilitatur
511 1958 548 2000 ao
570 1937 731 2020 frangitur
753 1936 950 2019 eloquentia.
989 1938 1095 2022 ipsam
1115 1938 1196 2020 quin
1230 1962 1231 1965 ¹

210 2047 309 2109 immo
331 2065 442 2108 euram
466 2054 500 2106 et
522 2044 688 2127 diligentis
703 2044 771 2108 stili
787 2044 986 2107 anxietatem
1001 2033 1195 2108 eontrariam

186 2204 189 2209 .
211 2154 406 2236 experimur,
418 2152 420 2157 ’
433 2151 509 2232 quia
530 2173 627 2234 saepe
646 2152 827 2235 interrogat
846 2152 946 2214 iudex
969 2153 1098 2234 quando
1113 2152 1197 2215 inei·

202 2260 282 2343 pias
308 2270 341 2323 et
366 2280 407 2320 ex
432 2257 685 2340 interrogatione
712 2258 782 2319 eius
806 2258 1031 2341 incipiendum
1041 2268 1106 2336 est,
1131 2257 1194 2321 fre·

182 2424 185 2431 .
211 2377 347 2448 quanter
371 2363 617 2448 probationibus
639 2376 672 2427 et
698 2364 834 2427 testibus
856 2366 1022 2428 silentium
1047 2358 1198 2448 protinus

167 2493 193 2534 rs
209 2472 345 2545 indicit3
375 2491 460 2533 unus
489 2470 574 2533 inter
595 2469 673 2534 haec
697 2472 821 2535 dicenti
842 2482 898 2535 aut
919 2471 1001 2535 alter
1022 2471 1148 2534 adsistit
1163 2481 1199 2532 et

211 2668 241 2718 21
257 2665 347 2719 ocium
365 2668 421 2720 AB
437 2665 441 2733 Ι
457 2665 634 2735 tranquilitas
653 2670 684 2722 D
698 2674 703 2731 Ι
719 2668 837 2722 maxime
850 2669 989 2721 Haustus:
1008 2637 1200 2722 maximaAB

210 2750 322 2805 maximi
337 2751 418 2806 ODE
442 2752 446 2820 Ι
474 2749 677 2821 221psam]pt;
699 2756 730 2807 D
756 2759 760 2818 Ι
789 2754 1084 2824 oniadepaoaoeratA
1103 2754 1199 2806 omnia

212 2832 391 2937 depirauerat
403 2869 432 2921 B
445 2866 498 2920 alia
510 2866 601 2920 omnia
613 2875 760 2937 pacauerat
771 2870 801 2922 E

282 2958 290 3005 1
313 2951 455 3005 uidebitur
477 2953 609 3008 Vrsinus:
632 2953 710 3006 uidet
699 2960 746 3006 tur
769 2956 909 3009 ABCDE
933 2956 938 3021 Ι
966 2957 980 3005 2
1006 2926 1102 3021 ridear]
1121 2957 1199 3009 AB:

209 3037 330 3091 rideatur
344 3039 423 3093 ΟΜ]
436 3042 440 3101 Ι
457 3043 471 3090 4
490 3038 593 3093 astricti
610 3040 722 3094 BCDE
740 3041 778 3103 Ι“
766 3041 887 3092 anirum
899 3041 941 3109 ΟΙ
964 3045 979 3094 6
993 3039 1127 3093 audrtorre
1145 3039 1196 3109 ΕΙ

209 3123 362 3177 tabulariae
377 3122 545 3179 sotularis
557 3129 587 3180 E
602 3125 737 3190 fabularis
755 3122 795 3190 ΔΙ
813 3126 910 3179 llerre
927 3129 958 3180 D
973 3132 977 3188 Ι
994 3127 1009 3178 8
1026 3143 1131 3234 aequos
1152 3128 1193 3196 ΟΙ

210 3248 238 3291 et
257 3242 364 3309 [partes]
380 3241 509 3310 spatiaD
524 3242 528 3307 Ι
546 3241 598 3293 10
590 3256 649 3311 rpsa
669 3242 736 3305 ΟΕΙ
749 3239 806 3293 lt
798 3254 852 3292 rmo
872 3243 947 3309 ΒΕΙ
965 3244 995 3294 12
1009 3194 1119 3312 quaiido
1137 3245 1199 3297 AB
1278 3267 1281 3273 ·

210 3353 293 3457 quini
306 3338 415 3457 quando
431 3390 456 3443 0
469 3388 510 3453 (itt
510 3389 547 3442 ud
556 3389 614 3443 soil.
626 3406 734 3444 oausam
748 3391 807 3443 add.
818 3395 839 3456 c)
851 3407 934 3459 quam
945 3392 1055 3461 quando
1067 3395 1098 3446 D
1110 3409 1198 3462 quam
1274 3382 1279 3387 ¹

209 3506 239 3559 Ε
250 3504 360 3573 quando
374 3523 397 3574 p
417 3521 528 3559 eausam
547 3506 657 3575 quando
670 3505 811 3560 Bekkerus
827 3507 854 3572 Ι’
846 3472 959 3576 meipiii
971 3510 1019 3571 ΑΙ
1038 3509 1067 3559 13
1081 3514 1124 3560 est
1140 3525 1195 3558 om

211 3609 240 3662 D
255 3610 260 3673 Ι
279 3609 309 3666 14
326 3607 454 3676 protinus
466 3608 575 3662 Noltius
591 3608 620 3673 (l)
641 3614 704 3663 teste
715 3609 829 3662 Halmio
853 3614 962 3681 (pronus
986 3615 1036 3675 Bt:
1061 3616 1200 3680 patronus

211 3694 350 3748 ABODE
359 3701 470 3762 praetor
487 3694 603 3748 Orellircs
615 3695 791 3764 importunus
815 3695 1041 3752 Weissenboraa'ua
1053 3715 1080 3750 a.
1095 3696 1195 3749 Jahrb.

205 3780 235 3847 f.
251 3778 348 3832 Pallor
365 3778 475 3831 LVIII
482 3797 511 3848 p.
527 3784 560 3833 45
576 3785 580 3847 Ι
600 3784 628 3834 15
642 3781 748 3834 assistit
760 3782 871 3857 BODE
1181 3799 1184 3806 ·

972 3890 987 3937 5
