3168 4758
282 710 285 715 ·
353 680 522 759 scientiam
539 690 705 763 tamquam
719 678 838 744 oratori
852 678 1067 743 necessariam
1082 679 1192 755 laudo,
1206 677 1340 761 ineptiis
1421 683 1425 691 '

353 788 433 852 meis
448 778 630 871 plausisse?
677 822 679 829 ·
825 768 830 775 ¹
1176 816 1179 817 ⁷
1227 814 1232 820 ·
1356 809 1391 851 so

302 903 344 963 33
418 907 451 958 et
466 894 634 957 Maternus
645 886 748 957 ‘misr
762 884 902 975 quidem²
924 893 1032 976 inquit
1048 887 1250 978 ‘susceptum
1271 916 1290 956 a
1309 896 1355 958 te>

353 1022 471 1064 munus
493 1001 573 1064 adeo
588 1000 761 1084 *peregisse
780 1000 928 1062 nondum
949 999 1089 1078 uideris,
1112 1013 1151 1063 ut
1170 1001 1340 1066 incohasse

354 1118 480 1173 tantrrm
495 1119 528 1170 et
541 1096 633 1171 uelut
647 1106 787 1190 uestigia
802 1127 839 1170 ac
855 1105 1044 1170 liniamenta
1061 1109 1224 1190 quaedam
1233 1121 1340 1172 osten-

342 1216 438 1279 disse
453 1215 605 1280 uidearis.
637 1235 714 1279 nam
729 1214 847 1297 quibus
862 1213 984 1278 artibus
998 1213 1115 1279 instrui
1130 1226 1256 1279 ueteres
1272 1237 1340 1278 ora-

239 1370 246 1375 .
354 1336 439 1385 tores
468 1322 555 1385 soliti
580 1320 648 1384 sint
668 1321 779 1385 dixisti
801 1320 1081 1404 differentiamque
1104 1334 1233 1386 nostrae
1257 1325 1340 1387 desi·
1354 1320 1380 1384 s'

313 1446 316 1453 ’
354 1429 426 1492 (liae
448 1432 481 1491 et
501 1428 693 1498 inscientiae
714 1429 869 1493 aduersus
892 1428 1046 1492 acerrima
1061 1440 1093 1492 et
1106 1429 1341 1493 fecundissima

355 1557 464 1599 eorum
485 1535 592 1600 studia
614 1528 858 1600 demonstrasti:
881 1545 987 1598 cetera
1007 1546 1161 1618 expecto,
1183 1547 1223 1598 ut
1243 1557 1341 1619 quem

334 1643 551 1734 admoduln
570 1665 611 1706 ex
633 1655 665 1706 te
686 1643 786 1706 didici
807 1641 886 1725 quid
910 1653 966 1704 aut
987 1641 1037 1705 illi
1060 1642 1193 1707 scierint
1209 1655 1266 1708 aut
1279 1665 1339 1708 nos

355 1749 606 1827 nesciamus-ita
620 1751 683 1813 hoc
697 1771 825 1832 quoque
840 1770 1035 1832 cognoscam
1052 1750 1168 1832 quibus
1185 1752 1340 1814 exercita·

355 1857 499 1926 tionibus
513 1858 651 1920 iuuenes
665 1858 732 1920 iam
747 1868 779 1919 et
794 1857 901 1920 forum
915 1856 1092 1941 ingressuri
1107 1858 1296 1921 confirmare
1309 1868 1341 1921 et
1356 1881 1390 1923 ro

355 1964 438 2027 alere
452 1964 588 2048 ingenia
602 1985 661 2027 sua
677 1963 765 2027 soliti
779 1963 855 2025 sint.
878 1985 985 2045 neque
1000 1963 1089 2027 enim
1103 1965 1210 2028 solum
1224 1979 1292 2028 arte
1308 1977 1341 2027 et

355 2071 491 2137 scientia
512 2072 571 2134 sed
590 2071 688 2154 longe
709 2071 813 2152 magis
834 2069 987 2134 facultate
1003 2081 1107 2134 etuas
1123 2072 1339 2154 eloquentiam

355 2178 513 2243 contineri
533 2195 594 2241 nec
618 2191 654 2241 tu
674 2188 754 2261 puto
776 2178 899 2240 abnues
923 2190 956 2240 et
977 2177 1013 2240 hi
1035 2176 1218 2260 significare
1234 2180 1340 2253 ⁴uultu

355 2277 531 2348 uidentur?

419 2393 537 2457 deinde
567 2414 641 2455 cum
660 2382 754 2475 Aper
777 2402 960 2475 quoquest
982 2382 1157 2455 Secundus
1171 2393 1258 2455 idem
1280 2395 1339 2456 ad·
1354 2420 1386 2460 rs

357 2501 519 2577 siuissent,
544 2500 698 2564 Messalla
720 2501 814 2582 quasi
834 2520 944 2563 rursus
970 2498 1149 2595 incipiens:
1171 2492 1339 2582 ‘quoniam

424 2724 440 2773 2
453 2721 557 2774 nidum
568 2723 599 2775 D
620 2720 624 2790 Ι
645 2720 790 2779 inchoasse
801 2722 890 2776 BDE
909 2722 950 2785 Ι,3
964 2723 1003 2786 ac]
1018 2727 1047 2773 et
1057 2722 1087 2775 E
1106 2722 1109 2788 Ι
1134 2723 1151 2771 4
1168 2720 1273 2773 artibus
1285 2721 1336 2775 ias.

355 2841 505 2910 &leopertus
520 2840 665 2908 Teuffels’us
680 2845 685 2905 Ι
701 2846 716 2893 5
729 2841 785 2894 sint
795 2859 862 2894 corr.
871 2858 904 2893 es
915 2848 980 2894 sunt
992 2844 1021 2895 B
1037 2847 1101 2893 sunt
1112 2842 1172 2895 DE
1186 2843 1190 2906 Ι
1206 2816 1341 2910 drainque

355 2925 385 2977 D
398 2932 404 2990 Ι
426 2931 441 2980 6
455 2925 613 2980 inscientiae
625 2926 789 2981 Rhenanus:
809 2926 937 2980 scientiae
949 2925 1089 2981 ABODE
1102 2929 1107 2990 Ι
1122 2924 1337 2979 foecundissimo

354 3013 435 3066 1301>
449 3013 455 3080 Ι
471 3011 672 3065 'ldemostrssti
682 3013 713 3066 D
727 3012 732 3080 Ι
746 3014 785 3078 ut]
800 3013 868 3066 inD
882 3016 888 3078 Ι
904 3013 1008 3081 equod
1020 3013 1070 3068 OE
1082 3016 1087 3076 Ι
1103 3011 1214 3074 scierint
1225 3011 1342 3065 Solate-

346 3096 486 3168 flea‘sclrius
498 3103 559 3151 actt.
575 3096 655 3151 litter.
666 3116 697 3167 p.
715 3099 779 3150 178:
792 3097 892 3151 scirent
903 3099 1043 3153 ABODE
1063 3096 1160 3151 scirint
1171 3097 1341 3150 Haimatos

356 3181 462 3235 adqu.
480 3184 521 3247 15,
537 3185 586 3235 168
607 3183 613 3249 Ι
634 3186 649 3234 9
668 3170 815 3235 resciamus
829 3185 855 3237 0
870 3183 875 3250 Ι
899 3185 930 3235 10
948 3182 1190 3236 instantiamea
1212 3180 1336 3242 inuenies

355 3270 386 3323 D
399 3273 405 3333 Ι
420 3267 555 3337 ingrasssi
566 3269 591 3322 O
599 3266 716 3336 ingressi
726 3270 757 3322 D
771 3273 777 3333 Ι
795 3269 823 3319 11
835 3271 891 3335 sua]
906 3279 971 3322 sunt
981 3270 1012 3322 D
1027 3267 1032 3337 Ι
1047 3267 1102 3321 sint
1114 3284 1223 3329 cortes
1232 3276 1297 3322 sunt
1308 3272 1339 3323 B-

357 3354 393 3406 sit
405 3356 435 3409 D
449 3356 455 3419 Ι
471 3357 560 3407 solum
572 3352 729 3407 Droaleias:
747 3353 812 3407 dum
831 3354 1037 3409 Anconem.
1053 3373 1076 3424 p
1094 3361 1201 3407 tantum
1212 3354 1342 3408 Ritterua
1415 3367 1428 3375 ·

253 3457 255 3462 ’
356 3447 417 3493 tam·
434 3439 567 3495 settara
587 3457 677 3510 proyr.
707 3439 851 3494 Graecast.
871 3457 896 3492 a.
920 3441 986 3492 1863
998 3459 1029 3509 p.
1050 3441 1083 3490 26
1110 3440 1115 3508 Ι
1145 3442 1175 3490 12
1195 3439 1342 3494 inscientia

354 3528 440 3580 ABE
464 3529 469 3590 Ι
495 3541 548 3578 usu
566 3525 617 3579 ias.
646 3525 812 3594 Yyrwlts'ttus
833 3542 877 3593 ap.
903 3523 1033 3578 Kiddr'am
1060 3542 1147 3594 opusc.
1175 3525 1286 3577 Rutula
1303 3545 1339 3594 p.

357 3610 445 3664 LXX
448 3631 458 3669 ‚-
476 3620 503 3664 et
521 3609 571 3663 del.
593 3610 741 3664 Rhenanus
762 3611 767 3681 Ι
788 3609 974 3680 eloquentiam
992 3610 1157 3665 Rhenanus:
1179 3609 1339 3679 eloquentia

356 3698 495 3752 ABGDE
514 3700 519 3763 Ι
543 3699 573 3749 13
592 3696 622 3749 hi
633 3695 978 3753 RhenanustiiABC'DE
988 3715 1037 3750 om.
1048 3714 1070 3766 p
1090 3698 1151 3762 1415
1171 3704 1199 3749 et
1216 3713 1268 3749 om.
1282 3696 1311 3748 Ε
1330 3698 1335 3763 Ι

356 3782 517 3838 annuissent
528 3782 583 3857 Bo
594 3781 599 3850 Ι
616 3784 647 3834 16
660 3780 781 3835 Messala
793 3782 874 3835 BOE
1184 3818 1187 3822 ι
