3168 4758
561 513 645 526 -..
689 480 858 539 47⁴...-

218 649 427 725 imbuuntur‚
449 670 508 712 nec
532 649 700 739 quisquam
722 649 758 711 in
780 659 847 712 tota
871 649 965 711 domo
987 648 1081 732 pensi
1100 647 1199 710 habet

219 756 296 839 quid
317 776 423 819 coram
445 754 570 818 infante
586 756 718 821 domino
734 766 790 819 aut
806 755 892 819 dicet
907 765 964 818 aut
977 753 1086 823 societ.
1120 753 1197 836 quin

218 858 321 927 etium
331 862 393 946 ipsi
412 872 561 946 parentes
578 884 637 926 nec
651 861 804 946 probitati
818 882 924 945 neque
940 860 1113 925 modestiae
1127 882 1198 944 par-

219 970 312 1034 uulos
328 969 558 1047 assuefaciunt,
572 970 630 1033 sed
645 968 797 1033 leeoiuioe
811 980 845 1032 et
857 969 1033 1045 dicacitas,
1047 990 1104 1053 per
1116 979 1200 1051 quae'

175 1102 202 1141 tu
218 1076 374 1161 paulatim
396 1076 599 1160 impudentia
612 1076 731 1160 inrepit
752 1087 786 1139 et
806 1077 857 1139 sui
879 1075 1041 1159 alienique
1053 1085 1198 1141 oontem-

219 1196 302 1266 ptus.
337 1185 401 1249 iam
422 1205 498 1246 uero
518 1183 648 1267 propria
662 1194 695 1246 et
710 1182 886 1267 peculiaria
900 1182 997 1247 botius
1012 1182 1102 1245 urbis
1118 1179 1199 1245 uitia

217 1311 322 1374 paene
344 1291 379 1354 in
400 1300 490 1353 utero
510 1290 621 1354 matris
645 1290 771 1374 concipi
792 1289 874 1355 mihi
889 1290 1053 1379 uidpntur,
1070 1288 1198 1352 histrio-

219 1397 301 1462 nalis
316 1396 409 1463 fauor
424 1408 458 1460 et
471 1397 689 1481 gladiatorum
702 1419 923 1481 equorumque
932 1396 1060 1460 studia:
1079 1397 1197 1480 quibus
1236 1444 1239 1450 .

217 1516 393 1588 occupatus
408 1514 440 1568 et
453 1505 602 1567 obsessus
617 1504 747 1567 unimus
763 1504 954 1588 quantulum
968 1503 1031 1566 loci
1042 1504 1136 1567 bonis
1149 1525 1197 1566 ar-

175 1634 201 1674 rs
217 1612 303 1675 tibus
323 1608 497 1693 relinquit?
519 1621 653 1693 quotum
674 1633 833 1694 quemque
861 1611 1009 1674 inuenies
1032 1610 1088 1692 qui
1110 1609 1197 1671 domi

215 1718 387 1801 quicquam
403 1716 491 1781 aliud
507 1716 675 1800 loquatur?
696 1718 871 1802 quos'ulios
885 1709 1198 1781 adolescentulorum
1281 1754 1302 1788 a

214 1845 377 1889 sermones
400 1823 590 1908 excipimus,
614 1826 642 1888 si
659 1826 790 1909 quando
806 1818 964 1889 auditoria
985 1821 1198 1887 intrauimusl

215 1952 256 1994 ne
277 1941 501 2016 praeceptores
521 1931 652 2016 quidem
669 1932 752 1997 ullae
768 1932 939 1997 crebriores
956 1953 1031 1995 cum
1046 1932 1213 2011 auditori·¹

216 2040 277 2103 bus
290 2038 359 2102 suis
373 2038 499 2102 fabulas
515 2040 651 2115 hubent3
670 2039 828 2124 colligunt
841 2039 930 2103 enim
946 2038 1119 2123 discipulos
1131 2060 1197 2101 non

172 2173 201 2215 ΙΙ
217 2145 388 2210 seueritate
416 2145 608 2229 disciplinae
637 2169 698 2210 nec
723 2142 847 2231 ingenii
871 2147 1111 2231 experimento,
1139 2149 1196 2210 sed

214 2253 389 2316 ambitione
399 2252 633 2318 salutationum
645 2265 678 2317 et
687 2254 850 2318 illecebris
863 2253 1073 2318 adulationis.
1094 2269 1193 2318 truns-

213 2381 250 2424 eo
270 2359 375 2443 prima
395 2359 592 2424 discentium
615 2361 785 2439 elementa,
809 2361 842 2423 in
859 2361 977 2446 quibus
993 2370 1027 2425 et
1041 2361 1122 2445 ipsis
1138 2383 1195 2445 pa·

212 2490 285 2531 rum
306 2467 487 2550 laboratur:
510 2488 572 2531 neo
587 2468 623 2532 in
637 2469 821 2533 auctoribus
836 2469 1068 2553 cognoscendis
1084 2491 1146 2531 nec
1161 2468 1196 2532 in

212 2574 394 2638 euoluenda
414 2574 605 2657 antiquitate
623 2597 681 2639 nec
696 2576 732 2639 in
746 2576 863 2641 notitia
878 2577 932 2641 uel
947 2598 1052 2641 rerum
1070 2576 1123 2640 uel
1139 2576 1195 2639 ho·

214 2760 386 2818 thabentD
407 2766 412 2827 Ι
429 2768 442 2816 l
462 2762 574 2816 domino
597 2763 726 2835 dicat't'l
741 2765 820 2818 letiet
831 2767 862 2820 D
877 2768 913 2832 18
933 2782 982 2819 nec
1002 2763 1132 2835 probitati
1151 2769 1194 2820 B:

213 2847 423 2966 imiimbitatirl
446 2911 497 2948 nec
510 2894 736 2964 [imlprobitetiC
757 2915 808 2952 nec
820 2896 992 2968 improbitati
1009 2899 1039 2953 D
1064 2898 1194 2968 improbi·

216 2982 267 3035 tati
278 2978 328 3036 ΕΔ
348 2985 354 3046 Ι
376 2983 391 3033 9
410 2980 596 3036 insuentium
607 2985 638 3037 D
652 2981 657 3052 Ι
672 2982 776 3048 lasciue
794 2987 825 3039 D
846 2982 852 3055 Ι
874 2983 1013 3037 dicacitati
1030 2986 1058 3038 B
1075 2956 1143 3038 cbrr.
1163 3002 1195 3038 erc

214 3067 380 3132 bibatitati:
400 3066 544 3120 bibacitati
562 3069 673 3124 ACDE
693 3068 850 3138 libertatip
873 3069 1018 3124 uiuaciteri
1034 3071 1195 3142 Rutyereiae

213 3171 271 3208 aar.
288 3156 354 3211 lectt
364 3174 395 3225 p.
406 3155 456 3207 234
467 3154 471 3221 Ι
485 3156 515 3206 10
529 3153 662 3225 priuatim
675 3178 713 3202 m
726 3158 754 3210 B
770 3159 876 3226 tfuerat
888 3159 944 3225 per)
955 3156 960 3226 Ι
971 3156 1181 3227 irrepitABOE
1189 3159 1193 3229 Ι

130 3262 133 3265 ’
217 3242 243 3291 tl
258 3241 320 3308 iarn]
335 3260 372 3296 un
385 3237 459 3297 iste?
473 3245 478 3302 Ι
496 3245 527 3295 12
540 3257 611 3312 pene
623 3244 654 3297 D
668 3244 673 3310 Ι
688 3242 764 3308 mihi]
775 3241 825 3295 libi
837 3245 867 3298 D
882 3246 886 3311 Ι
902 3244 1080 3299 istrionalisb
1099 3245 1195 3298 hierio·

211 3324 281 3378 nolis
292 3330 324 3383 D
345 3332 350 3394 Ι
373 3331 403 3383 13
417 3343 623 3398 aequorumque
637 3329 677 3396 ΟΙ
697 3332 726 3381 lt
739 3327 879 3398 relinquit]
892 3329 1059 3400 relinquitur
1070 3332 1128 3386 OD.
1149 3347 1195 3384 oc·

210 3413 320 3482 cupitis
340 3425 369 3468 et
388 3413 510 3470 obsessis
529 3412 627 3466 animis
645 3442 679 3452 -
698 3406 863 3484 relinquitur
874 3414 1004 3470 Halmius
1015 3417 1032 3449 *
1054 3416 1059 3485 Ι
1079 3432 1195 3487 quocum

211 3500 260 3565 Dl
276 3516 402 3570 querque
415 3504 446 3557 D
459 3501 463 3569 Ι
478 3498 603 3554 inuenies
625 3498 736 3556 tene.-
757 3499 897 3555 inueniros
917 3505 974 3557 AB
998 3500 1138 3573 inueneris
1152 3519 1174 3570 p
1188 3501 1192 3571 Ι

216 3602 244 3653 lS
266 3617 301 3653 ue
320 3605 363 3657 E.-
382 3618 435 3658 nec
447 3604 558 3659 ABOD
584 3602 588 3672 Ι
616 3602 689 3656 ullas
701 3602 815 3672 quidem
827 3606 856 3658 B
870 3606 875 3671 Ι
893 3609 924 3659 tt
939 3591 1021 3672 colli}
1033 3607 1064 3662 D
1084 3609 1089 3672 Ι
1105 3607 1134 3656 21
1150 3622 1196 3658 ea-

211 3712 377 3803 lutttiumD
391 3719 396 3788 Ι
410 3675 599 3773 autiitionibus
612 3717 931 3793 Dllt'eutoribusAB
946 3719 951 3790 Ι
967 3724 999 3774 rt
1011 3719 1111 3775 notitia
1124 3736 1193 3774 corr.

209 3803 238 3856 B
243 3803 273 3856 Ε
277 3823 286 3854 .·
299 3803 425 3858 notioietn
435 3809 463 3858 Α
481 3804 608 3859 notitiem
622 3804 705 3860 BOD
