3168 4758
725 541 1024 604 ...32-

386 733 444 775 nes
465 721 498 774 et
516 709 552 774 in
574 710 646 795 ipsa
662 710 842 774 studiorum
862 709 980 775 incude
995 711 1102 795 positi,
1129 714 1185 795 qui
1204 711 1365 796 profectus
1381 732 1407 773 15

387 817 438 881 oui
464 839 559 882 censa
585 828 725 883 oratores
751 828 924 895 sectentur,
953 840 1020 881 non
1047 817 1152 883 solum
1175 819 1287 896 audire
1309 818 1365 881 sed

389 925 490 993 etiem*
508 924 627 988 referre
648 926 780 990 domum
802 925 925 1010 aliquid
947 925 1073 1011 illustre
1097 937 1129 990 et
1148 926 1284 1009 dignum
1298 944 1365 987 me·

387 1033 500 1097 morio'
511 1032 640 1110 uolunt,
666 1033 927 1117 traduntquein¹
938 1033 1044 1097 uicem
1067 1055 1104 1096 ao
1119 1054 1214 1117 saepe
1230 1033 1265 1096 in
1280 1032 1366 1095 colo·

387 1140 458 1203 nias
482 1134 521 1204 ao
542 1139 727 1224 prouincias
749 1161 823 1204 suas
845 1141 999 1218 scribunt,
1022 1140 1094 1205 siue
1115 1162 1227 1204 sensus
1250 1139 1365 1223 aliquio

388 1256 503 1331 arguta
516 1258 550 1312 et
564 1247 655 1311 breui
671 1247 833 1312 sententia
849 1248 981 1325 effulsit,
1004 1248 1073 1313 siue
1093 1249 1184 1311 locus
1205 1247 1366 1332 exquisito

389 1364 420 1417 et
435 1355 561 1439 poetico
576 1355 666 1419 cultu
682 1354 811 1421 enituit.
846 1356 986 1439 exigitur
1001 1355 1088 1419 enim
1103 1356 1168 1420 ium
1185 1358 1227 1421 ab
1241 1366 1366 1421 oratore

362 1538 365 1547 Ι
389 1462 486 1525 etiam
507 1463 653 1548 poeticus
676 1464 782 1542 decor,
804 1485 870 1528 non
893 1462 986 1528 Accii
1002 1475 1057 1526 aut
1073 1462 1211 1528 Pacuuii
1232 1460 1366 1526 ueterrio

388 1569 590 1653 inquinatus,
615 1571 673 1634 sed
693 1593 733 1636 ex
754 1571 886 1635 Horatii
906 1580 938 1636 et
958 1570 1092 1657 Virgilii
1117 1581 1150 1634 et
1168 1571 1294 1638 Lucani
1317 1592 1368 1635 sa·

389 1676 490 1741 erario
514 1678 669 1762 prolatus.
709 1678 825 1742 horum
845 1677 945 1763 igitur
966 1680 1096 1752 auribus
1117 1687 1149 1742 et
1162 1678 1293 1742 iudiciis
1310 1699 1368 1762 op-

390 1794 572 1869 temperans
604 1796 787 1851 nostrorum
817 1796 980 1851 oratorum
1006 1796 1098 1850 netas
1135 1784 1302 1869 pulchrior
1337 1795 1370 1848 et
1384 1799 1411 1842 25
1483 1784 1496 1809 ‘

389 1893 531 1956 ornatior
546 1893 664 1957 extitit.
704 1915 809 1977 neque
830 1895 902 1959 ideo
922 1895 1031 1958 minus
1047 1893 1192 1957 efficaces
1207 1903 1283 1956 eunt
1298 1914 1368 1956 ora·

389 1999 493 2063 tiones
515 2011 656 2078 nostrae,
681 1999 757 2084 quia
778 2002 820 2065 ad
841 2022 933 2065 aureo
947 1999 1164 2065 iudicantium
1184 2020 1260 2063 eum
1276 2000 1368 2063 uolu-

334 2192 336 2196 .
354 2095 356 2098 ’
390 2116 481 2189 ptete
496 2107 703 2191 perueniunt.
731 2106 810 2192 quid
826 2110 912 2172 enim
928 2107 954 2172 si
970 2106 1147 2171 infirmiore
1161 2107 1273 2171 horum
1283 2118 1369 2170 tem·

389 2234 506 2296 porum
535 2216 656 2299 templa
685 2215 812 2291 credas,
842 2216 918 2299 quie
946 2237 1014 2280 non
1043 2215 1117 2279 rudi
1143 2224 1311 2279 coemento
1337 2224 1370 2277 et

390 2318 582 2386 informibus
605 2323 722 2407 tegulis
743 2333 950 2400 extruuntur,
973 2325 1030 2386 sed
1045 2344 1203 2386 marmore
1218 2324 1324 2385 nitent
1337 2333 1371 2384 et
1385 2345 1413 2387 eo

340 2431 379 2493 21
395 2450 473 2492 auro
488 2429 675 2494 radiantur?
698 2429 848 2514 equidem
862 2429 985 2494 fatebor
999 2430 1093 2494 uobis
1110 2429 1298 2513 simpliciter
1317 2449 1369 2491 me

390 2535 426 2599 in
441 2537 636 2621 quibusdem
662 2537 867 2621 antiquorum
884 2537 942 2601 uix
967 2536 1086 2615 risum,
1114 2535 1149 2600 in
1176 2536 1369 2620 quibusdam

390 2654 499 2707 autem
513 2644 570 2711 uix
582 2654 729 2709 somnum
742 2656 862 2709 tenere,
881 2665 940 2709 neo
952 2667 1055 2709 unum
1067 2645 1107 2708 cle
1118 2645 1241 2730 populo
1253 2646 1366 2725 dicam,

391 2890 423 2942 16
436 2905 486 2942 nee
505 2886 682 2958 oolumABW!
697 2887 774 2943 edire
788 2889 839 2944 OD
855 2854 990 2958 intrent
1007 2890 1038 2943 18
1057 2887 1203 2960 ιιοΙιιίῐΟΙ
1220 2891 1251 2942 tt
1264 2896 1293 2945 et
1307 2907 1369 2962 pro·
1398 2942 1402 2950 x
1486 2860 1491 2867 Ι

391 2974 496 3028 uineint
508 2974 579 3045 Bel
594 2974 748 3044 prouinties
760 2976 791 3029 D
805 2977 810 3040 Ι
826 2974 884 3029 suis
902 2973 1032 3029 Halmius
1046 2975 1051 3044 Ι
1067 2991 1167 3029 senous
1180 2975 1322 3030 Muretus:
1342 2978 1369 3031 in

391 3059 448 3114 ruis
466 3062 613 3115 ABODE.
638 3060 754 3131 insignis
773 3059 872 3130 uliquis
884 3092 917 3131 -ς
937 3060 1039 3116 effulsit
1056 3061 1134 3116 loono
1153 3062 1212 3115 niue
1230 3062 1369 3133 exquirito

391 3146 546 3217 Spmqetioo
557 3165 588 3216 p.
606 3149 634 3199 11
652 3153 658 3211 1
673 3151 706 3199 20
719 3145 830 3200 effulxit
845 3150 913 3214 BD,
925 3148 973 3201 red
986 3148 1015 3200 B
1032 3164 1102 3201 oorr.
1119 3150 1125 3216 Ι
1141 3149 1175 3201 tt
1186 3147 1308 3219 exigitur
1323 3148 1370 3201 Li-

385 3285 478 3356 prior:
492 3285 619 3355 exigetur
633 3285 657 3340 0
665 3229 801 3341 exeriitur
811 3288 839 3340 Α
857 3291 1001 3367 ereroetur
1017 3287 1124 3352 ΒΒΕΙ
1139 3287 1172 3338 22
1184 3285 1244 3357 Aoij
1256 3290 1284 3340 A
1299 3253 1370 3339 Attii

391 3384 422 3437 D
433 3382 559 3447 nertin!
574 3379 764 3448 Pa[n]oubiiB
779 3379 784 3449 Ι
800 3382 832 3433 23
843 3379 933 3436 Oratii
944 3384 994 3438 OE
1006 3382 1011 3453 Ι
1027 3386 1058 3436 21
1072 3383 1265 3454 obtemperent
1275 3383 1355 3438 UDE
1363 3381 1368 3450 1

393 3471 424 3521 25
439 3468 602 3522 horetorum
614 3469 663 3533 121
679 3469 712 3519 26
725 3466 889 3522 exfieooeoA
904 3467 909 3538 Ι
924 3471 956 3521 tt
970 3468 1133 3523 iudicetium
1145 3470 1177 3522 D
1190 3466 1196 3540 1
1211 3471 1244 3521 30
1257 3472 1369 3522 extrun-

391 3569 439 3617 ω
449 3565 480 3703 1¹)
491 3649 637 3719 tequidem
651 3650 692 3716 01
706 3649 795 3704 fateor
806 3655 834 3706 A
849 3650 854 3720 Ι
868 3653 886 3704 2
898 3650 1047 3736 ontieornm
1059 3651 1090 3704 D
1103 3647 1110 3720 Ι
1125 3652 1140 3703 3
1153 3621 1250 3703 ionum
1261 3650 1293 3706 D
1305 3649 1310 3720 Ι
1330 3647 1371 3703 di·

393 3763 452 3800 orm
471 3764 518 3817 ⁶9⁰
536 3745 646 3808 inormi,
665 3743 764 3816 loquer
782 3745 823 3800 uti
841 3745 965 3818 Sillo‘qiur
976 3762 1071 3824 proqr·
1091 3745 1171 3801 nehel.
1185 3762 1255 3802 eruo.
1270 3743 1369 3800 Drerd.

398 3845 461 3898 1811
472 3862 502 3914 p.
518 3845 534 3895 t
551 3841 699 3897 nominabo
711 3840 890 3914 Nipperdeiur
902 3846 918 3880 *
925 3861 956 3914 p.
973 3845 1022 3897 562
