3168 4758
486 482 967 573 .--45--*

106 666 113 685 ’
214 674 314 758 quiris
330 696 391 736 nec
407 685 462 738 aut
477 674 538 737 tibi
553 674 616 757 ipsi
631 684 687 737 aut
702 672 778 736 huic
789 672 939 736 Secundo
953 674 1007 737 uel
1018 673 1095 736 huic
1106 674 1195 755 Apro

214 782 355 864 ignotas,
373 783 471 845 etiam
491 783 518 846 si
541 779 622 846 mihi
642 791 748 863 partes
771 778 945 862 assignatis
960 781 1144 864 proferendi
1159 780 1195 842 in
1232 764 1246 813 7

215 889 360 951 medium
382 911 465 973 quae
486 909 599 951 omnes
618 878 787 952 sentimus.
821 887 892 969 quis
918 887 1005 951 enim
1019 887 1148 972 ignorat
1163 898 1196 949 et

187 996 435 1080 teloquentiam
457 1006 488 1059 et
510 1005 630 1059 ceteras
652 1004 737 1058 artes
758 993 1076 1083 desciuisseabilla
1086 1007 1195 1058 uetere

216 1104 320 1189 gloria
333 1126 406 1167 non
427 1103 574 1185 inopia†
593 1100 775 1178 hominum,
795 1101 852 1165 sed
874 1101 996 1165 desidia
1016 1101 1196 1166 iuuentutis
1260 1158 1263 1166 .

216 1224 247 1275 et
268 1211 476 1296 neglegentia
494 1218 666 1293 parentum
690 1220 722 1271 et
741 1208 913 1273 inscientia
928 1209 1197 1294 praecipientium

216 1330 248 1382 et
263 1319 426 1382 obliuione
442 1315 539 1380 moris
555 1315 698 1401 antiqui?
720 1337 802 1399 quae
817 1317 904 1381 mala
918 1317 1059 1399 primum
1070 1316 1105 1379 in
1117 1317 1196 1380 urbe
1305 1349 1307 1353 ·

215 1435 305 1501 nata,
322 1447 398 1488 mox
412 1446 470 1508 per
481 1423 611 1489 Italiam
624 1425 707 1500 susa,
722 1423 787 1486 iam
801 1423 837 1485 in
851 1423 1033 1506 prouincias
1048 1434 1194 1487 manant.

174 1553 413 1616 10quamquam
434 1541 541 1615 uestra
563 1530 657 1595 uobis
678 1530 805 1593 notiora
825 1542 918 1595 sunt:
938 1552 997 1614 ego
1014 1531 1054 1593 de
1071 1533 1149 1594 urbe
1165 1542 1198 1594 et

216 1640 313 1704 huius
333 1637 470 1722 propriis
494 1660 531 1701 ac
553 1636 737 1700 uernaculis
760 1637 849 1700 uitiis
864 1638 989 1721 loquar,
1007 1659 1088 1720 quae
1104 1647 1196 1701 natos

217 1746 325 1843 statim
348 1744 516 1828 excipiunt
536 1753 568 1807 et
588 1766 647 1827 per
661 1744 807 1828 singulos
824 1744 936 1807 aetatis
952 1746 1070 1826 gradus
1086 1765 1196 1809 cumu-

215 1855 335 1931 lantur,
358 1853 385 1917 si
410 1852 499 1935 prius
520 1851 560 1915 de
588 1853 761 1916 seueritate
785 1875 823 1919 ac
844 1852 1016 1935 disciplina
1038 1853 1198 1915 maiorum

217 1960 301 2023 circa
333 1958 533 2023 educandos
549 1959 798 2042 formandosque
831 1959 950 2024 liberos
977 1981 1082 2042 pauca
1106 1980 1197 2042 prae·

174 2089 202 2128 rs
214 2068 339 2131 dixero.
372 2089 449 2131 narn
469 2066 594 2149 'pridem
616 2088 693 2130 suus
715 2067 833 2149 cuique
854 2067 951 2143 filius,
970 2089 1010 2129 ex
1033 2076 1121 2130 casta
1141 2088 1197 2149 pa-

216 2184 306 2239 rente
329 2185 437 2250 natus,
454 2195 522 2236 non
541 2173 576 2236 in
587 2164 681 2236 'cella
705 2186 831 2256 emptae
853 2173 988 2244 nutricis
1004 2175 1060 2243 sed
1075 2174 1199 2256 gremio

218 2304 254 2344 ac
278 2281 351 2345 sinu
372 2281 481 2343 matris
504 2281 719 2357 educabatur,'
733 2281 822 2344 cuius
844 2280 1019 2364 praecipua
1040 2282 1110 2347 laus
1132 2292 1199 2343 erat

216 2387 299 2452 tueri
325 2388 458 2451 domum
483 2399 524 2450 et
542 2386 696 2451 inseruire
720 2386 841 2451 liberis.
886 2388 1065 2471 eligebatur
1090 2399 1200 2455 autem

216 2497 320 2559 maior
342 2495 449 2578 aliqua
463 2506 543 2558 natu
558 2494 751 2578 propinqua,
769 2494 861 2559 cuius
876 2495 1018 2578 probatis
1034 2494 1216 2587 spectatis‘

173 2627 201 2670 ao
217 2625 279 2686 que
301 2604 445 2667 moribus
468 2602 572 2667 omnis
591 2602 736 2667 eiusdem
751 2601 892 2667 familiae
908 2602 1037 2665 suboles
1052 2601 1198 2665 commit·
1260 2610 1264 2617 ’
1308 2620 1313 2633 1

219 2833 233 2882 2
247 2816 303 2882 8-0Ιῖ
316 2828 356 2899 Ol
372 2833 386 2881 3
400 2829 510 2898 ignoras
523 2831 553 2884 D
568 2833 572 2894 Ι
589 2828 679 2894 etiam]
694 2827 806 2881 Etenim
819 2829 920 2898 iam'Ol
937 2833 951 2880 5
966 2828 1089 2882 decuisse
1101 2831 1140 2892 D,
1154 2828 1201 2880 sed

217 2934 285 2968 corr.
303 2916 308 2984 Ι
324 2915 502 2982 thominum]
516 2914 690 2984 ingeniorum
702 2912 779 2967 Fan.
794 2914 876 2968 Iacob
889 2933 932 2986 ap.
945 2914 1090 2968 Halmium
1105 2920 1109 2983 1
1126 2918 1199 2968 lne-

217 3001 352 3072 gligentia
363 3002 501 3075 ABODE
521 3006 525 3066 Ι
545 2999 702 3073 ignorantia
714 3001 744 3054 D
765 2999 769 3069 l
790 3001 847 3053 9in
860 3019 910 3053 om.
924 3003 1006 3057 AOD
1033 3003 1039 3068 Ι
1067 3004 1095 3053 11
1115 3001 1218 3055 huius·

219 3087 374 3158 Spcapclius
391 3107 419 3157 p.
436 3089 483 3139 14:
503 3086 548 3140 his
560 3088 671 3143 AODE
692 3085 726 3139 iis
738 3089 766 3141 B
784 3087 861 3141 urbis
875 3087 1070 3160 Wcinkarcffi'us
1088 3089 1119 3140 da
1135 3088 1197 3141 Tac.

218 3174 281 3227 diat.
294 3179 362 3227 auct.
376 3174 398 3226 I
401 3193 431 3243 p.
442 3177 474 3226 28
490 3173 495 3244 Ι
513 3175 543 3226 13
557 3173 619 3226 deb
635 3177 679 3239 (aa
689 3192 757 3227 corr.
766 3173 815 3240 Bt)
826 3192 864 3242 p:
877 3175 1037 3230 aABC'DE
1050 3178 1055 3240 1
1072 3179 1104 3228 14
1117 3174 1198 3243 circa]

218 3265 314 3315 contra
324 3261 354 3314 D
368 3258 561 3327 laeducandos
576 3258 745 3314 Caducados
758 3262 788 3314 D
802 3263 807 3324 1
824 3251 855 3313 15
868 3277 930 3313 nam
942 3260 1048 3331 pridem
1069 3261 1200 3314 Weissen-

219 3345 328 3398 bornius
340 3345 435 3398 Jahrb.
445 3347 475 3414 f.
491 3345 591 3399 Philet.
605 3342 759 3399 XXXIII
761 3365 792 3416 p.
809 3348 858 3398 67:
872 3347 930 3400 lam
943 3347 1050 3418 pridem
1063 3348 1202 3402 ABC'DE

219 3449 569 3519 iamprimuletcnaausl
580 3449 674 3505 suisD
683 3449 687 3519 Ι
697 3448 803 3535 idcella
810 3469 848 3519 p:
862 3449 956 3502 cellam
962 3452 1072 3506 ABOE
1079 3438 1198 3518 cellaDl

221 3540 251 3588 1ῖ
266 3535 437 3588 educabatur
450 3534 561 3591 bODE:
575 3534 738 3590 educabitur
749 3539 806 3591 AB
828 3536 832 3605 l
855 3544 914 3590 erat
926 3538 993 3594 1)οΕ
998 3559 1008 3588 .·
1023 3536 1076 3590 erit
1089 3539 1176 3591 ABD
1195 3536 1198 3605 l

224 3623 253 3672 18
266 3627 326 3690 post
338 3619 432 3674 liberis
445 3621 639 3691 Bernhardpus
657 3640 736 3675 roan.
752 3623 818 3676 Litt.
833 3628 886 3696 not.
903 3624 936 3674 25
954 3622 1106 3692 transponit
1126 3626 1157 3675 23
1171 3639 1202 3675 ac
1309 3638 1313 3643 “

221 3737 256 3747 -
268 3712 299 3759 27
313 3708 474 3776 accepimus,
495 3707 630 3778 Scuppa'as
645 3708 741 3769 Philol.
757 3708 838 3763 XIX
849 3727 879 3778 p.
894 3710 944 3760 262
970 3711 1001 3761 25
1015 3708 1052 3762 sic
1064 3700 1142 3761 ..pp
1157 3725 1201 3760 ac·

222 3793 340 3861 cepimus
363 3798 368 3859 1
383 3800 550 3863 portantem
563 3794 815 3864 excidabsesaapr'cor
831 3794 915 3865 uolgo
928 3796 972 3847 ael
985 3812 1065 3864 saepe
1086 3796 1090 3864 Ι
1112 3799 1145 3848 20
1158 3812 1201 3848 so-
