3168 4758
545 559 631 571 ....
676 525 716 586 59
763 557 846 571 ..-

204 716 331 779 quoque
342 695 537 759 adhibeatur
553 688 679 759 similis.
696 695 789 757 uelut
805 691 1080 778 tyrannicidarum
1096 712 1187 774 prae·

203 782 349 866 mia'aut
371 801 559 865 uitiatarum
580 800 755 864 electiones
778 810 835 862 aut
855 797 1061 882 pestilentiae
1084 819 1186 861 reme·

207 910 261 973 dia
284 920 341 972 aut
361 909 485 975 incesta
506 917 647 972 matrum
668 918 726 970 aut
747 905 902 989 quioquid
923 906 958 969 in
981 905 1093 970 schola
1108 925 1186 986 quo·

159 1037 188 1081 as
205 1015 283 1080 tidie
299 1015 417 1098 agitur,
432 1014 463 1078 in
479 1015 547 1077 foro
562 1014 616 1078 uel
631 1034 703 1077 raro
718 1012 774 1075 uel
788 1033 977 1095 numquam,
995 1011 1186 1096 ingentibus

195 1122 310 1200 ⁴uerbis
331 1132 586 1211 persequuntur:
613 1141 687 1184 cum
714 1120 756 1182 ad
778 1140 888 1183 ueros,
902 1118 1025 1183 iudices
1048 1130 1184 1184 uentum

87 1496 94 1508 ,
202 1465 271 1507 rem
287 1444 444 1527 cogitant,
469 1442 554 1504 nihil
575 1440 707 1503 humile
719 1439 775 1503 uel
797 1439 959 1503 abiectum
975 1441 1082 1523 eloqui
1096 1453 1186 1523 pote·
1229 1452 1234 1460 “

203 1563 264 1614 rat.
303 1570 423 1633 magna
439 1546 631 1630 ‘eloquentia
646 1547 731 1610 sicut
745 1546 876 1623 flamma
891 1546 1024 1611 materia
1040 1549 1137 1612 alitur
1152 1559 1184 1612 et
1193 1536 1235 1609 3'6

202 1656 344 1719 motibus
359 1655 517 1718 excitatur
532 1664 565 1717 et
579 1655 702 1717 urendo
719 1652 876 1716 alarescit.
917 1653 1031 1718 eadem
1052 1657 1133 1719 ratio
1149 1656 1184 1718 in

202 1773 313 1825 nostra
336 1782 464 1844 quoque
487 1760 620 1824 ciuitate
641 1759 848 1842 antiquorum
870 1761 1090 1842 eloquentiam
1112 1783 1183 1844 pro-

201 1869 302 1932 uexit
337 1890 413 1941 nam
429 1867 490 1930 etsi
512 1868 626 1930 horum
643 1888 771 1949 quoque
793 1879 975 1951 temporum
990 1877 1132 1933 oratores
1148 1889 1185 1931 ea

172 1988 186 2028 δ
203 1975 369 2040 consecuti
391 1985 470 2037 sunt
490 1994 572 2056 quae
593 1973 771 2056 composita
791 1985 824 2037 et
848 1973 956 2058 quieta
979 1985 1012 2038 et
1034 1975 1184 2039 bostare

201 2083 334 2166 publica
356 2080 454 2143 tribui
475 2080 524 2144 fas
546 2089 632 2156 erat,
665 2092 774 2143 tamen
805 2080 861 2143 illa
881 2081 1125 2164 perturbatione
1147 2102 1184 2144 ac

200 2189 334 2252 licentia
358 2187 452 2270 plura
478 2187 541 2255 sibi
567 2187 696 2268 assequi
723 2186 939 2263 uidebantur,
972 2210 1046 2251 cum
1072 2188 1185 2252 mixtis

201 2295 352 2359 omnibus
368 2306 408 2356 ⁴et
428 2293 630 2357 moderatore
652 2282 718 2356 uno
740 2295 935 2357 carentibus
949 2306 1076 2359 tantum
1098 2297 1184 2377 quis·

201 2539 233 2590 22
258 2535 424 2591 adhibeatur
448 2534 553 2589 similis.
586 2533 663 2586 uelut
691 2535 803 2606 atrt'qiai:
834 2534 1006 2590 adhibeatur.
1033 2537 1071 2590 sic
1095 2537 1127 2590 fit
1151 2546 1184 2590 ut

80 2656 84 2664 =
199 2624 340 2678 ABODE
370 2627 431 2674 cata
454 2620 621 2676 adhibeatur
647 2619 817 2694 inseruerant
846 2621 944 2675 similis
967 2621 1106 2687 Pithoeus,
1134 2640 1186 2693 par

200 2709 245 2762 ael
261 2707 324 2761 talis
342 2706 490 2768 Acidaliae,
506 2705 602 2759 eadem
619 2706 776 2776 Speapela'us
789 2726 820 2778 p.
838 2709 878 2773 13,
900 2724 972 2760 uana
992 2707 1108 2761 Orelliaa
1124 2709 1127 2778 Ι
1150 2709 1184 2761 ti-

199 2793 411 2846 ramnicidarum
423 2794 454 2847 D
468 2792 473 2858 Ι
490 2794 521 2844 23
535 2808 566 2844 ac
580 2790 736 2844 uitiatarum
746 2793 791 2859 ΕΙ
807 2795 839 2845 24
853 2792 979 2861 εοοῙεΕΙ
994 2797 1026 2845 25
1039 2810 1184 2863 nunquam

204 2881 253 2934 OE
260 2896 386 2949 nuquam
397 2881 427 2933 D
442 2877 446 2947 Ι
463 2879 496 2929 26
508 2883 715 2947 persequuntur
731 2879 766 2932 0.·
779 2884 989 2947 prosequuntur
999 2881 1083 2933 ΑΒΕ
1091 2897 1186 2950 perse-

199 2965 311 3034 quimur
331 2967 362 3019 D
380 2952 583 3034 persequantur
601 2980 623 3032 p
649 2963 653 3031 Ι
682 2969 798 3021 uentum
816 2972 858 3017 est
879 2982 899 3032 p
924 2966 1020 3019 lacuna
1042 2964 1184 3039 aeneadi-

199 3056 268 3104 ccta.
297 3048 350 3102 Hic
369 3049 473 3103 desunt
490 3064 539 3101 sex
556 3047 664 3117 pagella
675 3052 704 3102 Α
723 3048 753 3103 ia
768 3065 854 3118 mara.
869 3051 983 3106 deerant
994 3049 1022 3102 in
1035 3050 1186 3122 exemplari

157 3199 164 3209 ι
201 3152 249 3188 sex
262 3133 369 3205 pagella
381 3140 524 3187 uetustate
538 3140 719 3203 consumptae
731 3134 759 3185 B
768 3133 797 3186 ia
809 3152 894 3204 marp.
915 3134 1040 3188 Multum
1051 3135 1144 3189 deficit
1156 3138 1183 3190 in

200 3218 405 3291 exemplaribus
424 3236 495 3290 quae
515 3219 689 3290 reperiuntur
704 3220 783 3285 C(an
795 3219 848 3283 ci).
869 3219 913 3272 hic
925 3220 1045 3276 multum
1058 3221 1151 3275 deficit
1163 3220 1185 3276 Δ

199 3304 245 3357 hic
259 3304 338 3358 deest
349 3305 486 3359 multum:
505 3304 532 3358 in
546 3304 696 3375 exemplari
709 3303 808 3358 dicitur
820 3305 917 3358 deesse
930 3323 978 3360 sex
991 3306 1106 3377 paginas
1119 3308 1149 3361 E
1156 3308 1184 3359 in

199 3407 284 3459 arci-9.
305 3390 350 3443 hic
370 3389 503 3443 deficiunt
523 3399 644 3460 quatuor
666 3408 752 3463 parua
771 3391 878 3463 pagelle
900 3391 928 3446 V
942 3391 970 3445 in
989 3410 1075 3462 mara.
1095 3392 1185 3445 ·a'nD
1239 3408 1247 3423 ·

199 3475 402 3545 aequaeuam
413 3476 496 3528 uacui
505 3472 593 3530 relicti
602 3483 673 3543 suat,
685 3478 747 3532 item
755 3477 785 3531 ia
795 3474 900 3532 ΒΟΔΙΙ
912 3480 917 3544 Ι
933 3479 966 3529 27
976 3477 1096 3546 cogitare
1109 3479 1201 3533 ODB

202 3561 335 3631 cogitaret
347 3561 477 3615 Haterius
496 3562 620 3631 cogitans
633 3555 756 3616 Haa'aiaa
771 3565 775 3632 Ι
790 3566 844 3630 uel]
858 3561 927 3616 nihil
943 3564 1023 3618 CDE
1181 3612 1183 3618 .

271 3650 280 3698 1
296 3645 378 3700 flama
388 3649 471 3703 BOD
486 3649 490 3713 Ι
506 3647 598 3714 alitur]
611 3652 650 3702 dr
660 3651 691 3703 D
707 3658 731 3712 (a
746 3650 806 3704 add.
823 3649 866 3714 dt)
884 3652 890 3714 Ι
906 3652 921 3701 2
934 3648 1056 3703 motibus
1068 3666 1137 3702 corr.
1152 3665 1186 3702 aa

182 3732 323 3811 smoribus
335 3735 364 3788 B
379 3735 383 3799 Ι
398 3738 414 3786 5
429 3732 566 3804 compcita
584 3736 614 3788 D
629 3733 633 3804 Ι
649 3738 766 3788 btitum
776 3737 806 3789 D
821 3739 827 3801 Ι
841 3733 882 3787 illi
900 3721 1071 3789 &almannus
1086 3733 1091 3803 Ι
1107 3734 1185 3786 7‘mi·

198 3818 250 3870 stis
263 3821 291 3873 B
868 3821 872 3828 ’
