<?xml version="1.0" encoding="UTF-8"?>
<!DOCTYPE html PUBLIC "-//W3C//DTD XHTML 1.0 Transitional//EN"
    "http://www.w3.org/TR/xhtml1/DTD/xhtml1-transitional.dtd">
<html xmlns="http://www.w3.org/1999/xhtml" xml:lang="en" lang="en">
 <head>
  <title>
</title>
<meta http-equiv="Content-Type" content="text/html;charset=utf-8" />
  <meta name='ocr-system' content='tesseract 3.04.00' />
  <meta name='ocr-capabilities' content='ocr_page ocr_carea ocr_par ocr_line ocrx_word'/>
</head>
<body>
  <div class='ocr_page' id='page_1' title='image "./cornelitacitidi00michgoog_0012.png"; bbox 0 0 3168 4758; ppageno 0'>
   <div class='ocr_carea' id='block_1_1' title="bbox 570 523 876 568">
    <p class='ocr_par' dir='ltr' id='par_1_1' title="bbox 570 523 876 568">
     <span class='ocr_line' id='line_1_1' title="bbox 570 523 876 568; baseline -0.01 0"><span class='ocrx_word' id='word_1_1' title='bbox 570 523 749 568; x_wconf 65' lang='lat' dir='ltr'><strong><em>—vtl</em></strong></span> <span class='ocrx_word' id='word_1_2' title='bbox 795 538 876 551; x_wconf 85' lang='grc'>--·</span> 
     </span>
    </p>
   </div>
   <div class='ocr_carea' id='block_1_2' title="bbox 134 674 1256 3317">
    <p class='ocr_par' dir='ltr' id='par_1_2' title="bbox 134 674 1256 3012">
     <span class='ocr_line' id='line_1_2' title="bbox 229 674 1217 763; baseline -0.001 -27"><span class='ocrx_word' id='word_1_3' title='bbox 229 685 355 756; x_wconf 82' lang='lat' dir='ltr'><strong><em>praeter</em></strong></span> <span class='ocrx_word' id='word_1_4' title='bbox 370 675 523 757; x_wconf 79' lang='grc'>4444444444</span> <span class='ocrx_word' id='word_1_5' title='bbox 539 677 671 739; x_wconf 80' lang='lat' dir='ltr'><strong><em>eiusdem</em></strong></span> <span class='ocrx_word' id='word_1_6' title='bbox 686 677 780 738; x_wconf 89' lang='lat' dir='ltr'><strong><em>Taciti</em></strong></span> <span class='ocrx_word' id='word_1_7' title='bbox 794 675 990 737; x_wconf 76' lang='lat' dir='ltr'><strong><em>Gennaniam</em></strong></span> <span class='ocrx_word' id='word_1_8' title='bbox 1001 681 1030 736; x_wconf 92' lang='lat' dir='ltr'>et</span> <span class='ocrx_word' id='word_1_9' title='bbox 1040 674 1217 763; x_wconf 83' lang='lat' dir='ltr'><strong><em>Suetoniani</em></strong></span> 
     </span>
     <span class='ocr_line' id='line_1_3' title="bbox 233 764 1215 859; baseline -0.004 -19"><span class='ocrx_word' id='word_1_10' title='bbox 233 780 304 841; x_wconf 81' lang='lat' dir='ltr'><strong><em>libri</em></strong></span> <span class='ocrx_word' id='word_1_11' title='bbox 318 780 353 841; x_wconf 89' lang='lat' dir='ltr'>de</span> <span class='ocrx_word' id='word_1_12' title='bbox 368 780 445 841; x_wconf 77' lang='lat' dir='ltr'><strong><em>erinis</em></strong></span> <span class='ocrx_word' id='word_1_13' title='bbox 466 779 638 841; x_wconf 74' lang='lat' dir='ltr'>illustribus</span> <span class='ocrx_word' id='word_1_14' title='bbox 659 777 865 859; x_wconf 73' lang='grc'>[4444444444</span> <span class='ocrx_word' id='word_1_15' title='bbox 885 764 1028 853; x_wconf 64' lang='lat' dir='ltr'><strong><em>cantiam}</em></strong></span> <span class='ocrx_word' id='word_1_16' title='bbox 1052 779 1215 838; x_wconf 78' lang='lat' dir='ltr'><em>Hammone</em></span> 
     </span>
     <span class='ocr_line' id='line_1_4' title="bbox 231 879 1214 963; baseline -0.004 -20"><span class='ocrx_word' id='word_1_17' title='bbox 231 883 311 963; x_wconf 81' lang='grc'>44444</span> <span class='ocrx_word' id='word_1_18' title='bbox 329 880 459 943; x_wconf 87' lang='lat' dir='ltr'><strong><em>describi</em></strong></span> <span class='ocrx_word' id='word_1_19' title='bbox 473 882 575 958; x_wconf 81' lang='grc'>444444,</span> <span class='ocrx_word' id='word_1_20' title='bbox 599 883 686 942; x_wconf 80' lang='lat' dir='ltr'><strong><em>cums</em></strong></span> <span class='ocrx_word' id='word_1_21' title='bbox 708 880 779 941; x_wconf 86' lang='lat' dir='ltr'><strong><em>libri</em></strong></span> <span class='ocrx_word' id='word_1_22' title='bbox 792 882 936 961; x_wconf 81' lang='lat' dir='ltr'><strong><em>qnanun&#39;s</em></strong></span> <span class='ocrx_word' id='word_1_23' title='bbox 947 879 1137 962; x_wconf 77' lang='grc'>4444444444</span> <span class='ocrx_word' id='word_1_24' title='bbox 1151 897 1214 940; x_wconf 76' lang='lat' dir='ltr'>ea·</span> 
     </span>
     <span class='ocr_line' id='line_1_5' title="bbox 230 982 1215 1064; baseline -0.002 -20"><span class='ocrx_word' id='word_1_25' title='bbox 230 985 332 1064; x_wconf 84' lang='lat' dir='ltr'><strong><em>pressi</em></strong></span> <span class='ocrx_word' id='word_1_26' title='bbox 370 985 519 1046; x_wconf 86' lang='lat' dir='ltr'><strong><em>eocimiam</em></strong></span> <span class='ocrx_word' id='word_1_27' title='bbox 554 982 711 1045; x_wconf 79' lang='lat' dir='ltr'><strong><em>bonitatem</em></strong></span> <span class='ocrx_word' id='word_1_28' title='bbox 743 984 839 1063; x_wconf 86' lang='lat' dir='ltr'><strong><em>periti</em></strong></span> <span class='ocrx_word' id='word_1_29' title='bbox 868 1001 968 1045; x_wconf 88' lang='lat' dir='ltr'><strong><em>omnes</em></strong></span> <span class='ocrx_word' id='word_1_30' title='bbox 1004 982 1105 1044; x_wconf 86' lang='lat' dir='ltr'><strong><em>statim</em></strong></span> <span class='ocrx_word' id='word_1_31' title='bbox 1138 999 1215 1061; x_wconf 85' lang='lat' dir='ltr'><strong><em>per-</em></strong></span> 
     </span>
     <span class='ocr_line' id='line_1_6' title="bbox 232 1083 1212 1167; baseline -0.005 -19"><span class='ocrx_word' id='word_1_32' title='bbox 232 1095 411 1166; x_wconf 80' lang='lat' dir='ltr'><strong><em>spraerant.</em></strong></span> <span class='ocrx_word' id='word_1_33' title='bbox 437 1088 539 1167; x_wconf 85' lang='grc'>444444</span> <span class='ocrx_word' id='word_1_34' title='bbox 549 1094 709 1167; x_wconf 80' lang='lat' dir='ltr'><strong><em>postquam</em></strong></span> <span class='ocrx_word' id='word_1_35' title='bbox 725 1105 746 1147; x_wconf 91' lang='lat' dir='ltr'><strong><em>a</em></strong></span> <span class='ocrx_word' id='word_1_36' title='bbox 759 1086 918 1147; x_wconf 76' lang='lat' dir='ltr'><strong><em>Francisco</em></strong></span> <span class='ocrx_word' id='word_1_37' title='bbox 929 1086 1040 1147; x_wconf 84' lang='lat' dir='ltr'><strong><em>Rittcro</em></strong></span> <span class='ocrx_word' id='word_1_38' title='bbox 1058 1083 1212 1167; x_wconf 80' lang='grc'>(0444444.</span> 
     </span>
     <span class='ocr_line' id='line_1_7' title="bbox 150 1187 1218 1269; baseline 0.001 -22"><span class='ocrx_word' id='word_1_39' title='bbox 150 1195 155 1205; x_wconf 89' lang='grc'><strong>’</strong></span> <span class='ocrx_word' id='word_1_40' title='bbox 212 1208 264 1248; x_wconf 82' lang='lat' dir='ltr'>a.</span> <span class='ocrx_word' id='word_1_41' title='bbox 291 1189 382 1269; x_wconf 95' lang='grc'>4848)</span> <span class='ocrx_word' id='word_1_42' title='bbox 410 1189 505 1251; x_wconf 85' lang='lat' dir='ltr'><strong><em>denno</em></strong></span> <span class='ocrx_word' id='word_1_43' title='bbox 531 1189 667 1250; x_wconf 76' lang='lat' dir='ltr'><strong><em>conlatis</em></strong></span> <span class='ocrx_word' id='word_1_44' title='bbox 692 1197 753 1265; x_wconf 89' lang='grc'>444,</span> <span class='ocrx_word' id='word_1_45' title='bbox 786 1187 879 1249; x_wconf 80' lang='lat' dir='ltr'><strong><em>laius</em></strong></span> <span class='ocrx_word' id='word_1_46' title='bbox 903 1187 1015 1248; x_wconf 88' lang='lat' dir='ltr'><strong><em>codicis</em></strong></span> <span class='ocrx_word' id='word_1_47' title='bbox 1042 1188 1218 1249; x_wconf 70' lang='lat' dir='ltr'><strong><em>auctoritati</em></strong></span> 
     </span>
     <span class='ocr_line' id='line_1_8' title="bbox 231 1289 1214 1371; baseline -0.003 -19"><span class='ocrx_word' id='word_1_48' title='bbox 231 1309 329 1371; x_wconf 82' lang='lat' dir='ltr'><strong><em>paene</em></strong></span> <span class='ocrx_word' id='word_1_49' title='bbox 345 1299 417 1354; x_wconf 87' lang='lat' dir='ltr'><strong><em>totos</em></strong></span> <span class='ocrx_word' id='word_1_50' title='bbox 428 1311 459 1354; x_wconf 84' lang='lat' dir='ltr'>se</span> <span class='ocrx_word' id='word_1_51' title='bbox 471 1291 662 1354; x_wconf 72' lang='grc'>4444444444</span> <span class='ocrx_word' id='word_1_52' title='bbox 672 1292 728 1371; x_wconf 78' lang='lat' dir='ltr'>qni</span> <span class='ocrx_word' id='word_1_53' title='bbox 736 1298 854 1369; x_wconf 75' lang='lat' dir='ltr'><strong><em>posttea</em></strong></span> <span class='ocrx_word' id='word_1_54' title='bbox 866 1289 1019 1370; x_wconf 83' lang='grc'>44444444</span> <span class='ocrx_word' id='word_1_55' title='bbox 1032 1297 1214 1352; x_wconf 83' lang='lat' dir='ltr'><strong><em>tractarunt.</em></strong></span> 
     </span>
     <span class='ocr_line' id='line_1_9' title="bbox 233 1390 1216 1474; baseline 0 -22"><span class='ocrx_word' id='word_1_56' title='bbox 233 1410 418 1473; x_wconf 85' lang='lat' dir='ltr'><strong><em>quamquam</em></strong></span> <span class='ocrx_word' id='word_1_57' title='bbox 439 1401 564 1474; x_wconf 80' lang='lat' dir='ltr'><strong><em>praeter</em></strong></span> <span class='ocrx_word' id='word_1_58' title='bbox 584 1394 661 1455; x_wconf 89' lang='lat' dir='ltr'><strong><em>ltunc</em></strong></span> <span class='ocrx_word' id='word_1_59' title='bbox 681 1411 718 1454; x_wconf 89' lang='lat' dir='ltr'>ne</span> <span class='ocrx_word' id='word_1_60' title='bbox 743 1394 930 1453; x_wconf 88' lang='lat' dir='ltr'><strong><em>Vaticano</em></strong></span> <span class='ocrx_word' id='word_1_61' title='bbox 952 1391 1074 1472; x_wconf 85' lang='lat' dir='ltr'><strong><em>quidem</em></strong></span> <span class='ocrx_word' id='word_1_62' title='bbox 1096 1390 1216 1453; x_wconf 82' lang='lat' dir='ltr'><strong><em>libroA</em></strong></span> 
     </span>
     <span class='ocr_line' id='line_1_10' title="bbox 230 1475 1216 1578; baseline -0.001 -22"><span class='ocrx_word' id='word_1_63' title='bbox 230 1513 322 1556; x_wconf 87' lang='lat' dir='ltr'><strong><em>suam</em></strong></span> <span class='ocrx_word' id='word_1_64' title='bbox 342 1475 552 1558; x_wconf 77' lang='lat' dir='ltr'><strong><em>auctoritatem</em></strong></span> <span class='ocrx_word' id='word_1_65' title='bbox 572 1496 778 1578; x_wconf 59' lang='lat' dir='ltr'><strong><em>deremendum</em></strong></span> <span class='ocrx_word' id='word_1_66' title='bbox 798 1512 860 1557; x_wconf 85' lang='lat' dir='ltr'><strong><em>estc</em></strong></span> <span class='ocrx_word' id='word_1_67' title='bbox 881 1512 976 1576; x_wconf 85' lang='grc'>44444</span> <span class='ocrx_word' id='word_1_68' title='bbox 992 1496 1216 1555; x_wconf 81' lang='lat' dir='ltr'><strong><em>Masstnannum</em></strong></span> 
     </span>
     <span class='ocr_line' id='line_1_11' title="bbox 237 1596 1218 1680; baseline 0.001 -22"><span class='ocrx_word' id='word_1_69' title='bbox 237 1599 419 1660; x_wconf 86' lang='lat' dir='ltr'><strong><em>Germaniae</em></strong></span> <span class='ocrx_word' id='word_1_70' title='bbox 431 1597 574 1661; x_wconf 82' lang='lat' dir='ltr'><strong><em>editorem</em></strong></span> <span class='ocrx_word' id='word_1_71' title='bbox 587 1597 712 1680; x_wconf 77' lang='grc'>4444444</span> <span class='ocrx_word' id='word_1_72' title='bbox 723 1606 751 1658; x_wconf 91' lang='grc'>44</span> <span class='ocrx_word' id='word_1_73' title='bbox 760 1597 961 1678; x_wconf 76' lang='lat' dir='ltr'><strong><em>Nipperdcius</em></strong></span> <span class='ocrx_word' id='word_1_74' title='bbox 972 1598 1079 1677; x_wconf 84' lang='lat' dir='ltr'><strong><em>optime</em></strong></span> <span class='ocrx_word' id='word_1_75' title='bbox 1090 1596 1218 1664; x_wconf 80' lang='grc'>4444444-</span> 
     </span>
     <span class='ocr_line' id='line_1_12' title="bbox 232 1698 1218 1782; baseline -0.002 -20"><span class='ocrx_word' id='word_1_76' title='bbox 232 1708 390 1764; x_wconf 85' lang='lat' dir='ltr'><strong><em>stronerat</em></strong></span> <span class='ocrx_word' id='word_1_77' title='bbox 405 1699 497 1782; x_wconf 87' lang='grc'>(44444.</span> <span class='ocrx_word' id='word_1_78' title='bbox 513 1704 570 1765; x_wconf 79' lang='lat' dir='ltr'><strong><em>tlt.</em></strong></span> <span class='ocrx_word' id='word_1_79' title='bbox 586 1704 661 1763; x_wconf 87' lang='lat' dir='ltr'><strong><em>Zeit.</em></strong></span> <span class='ocrx_word' id='word_1_80' title='bbox 679 1703 765 1762; x_wconf 89' lang='grc'>4848</span> <span class='ocrx_word' id='word_1_81' title='bbox 775 1720 808 1780; x_wconf 82' lang='lat' dir='ltr'>p.</span> <span class='ocrx_word' id='word_1_82' title='bbox 825 1702 886 1760; x_wconf 86' lang='grc'>844</span> <span class='ocrx_word' id='word_1_83' title='bbox 898 1698 989 1781; x_wconf 85' lang='grc'>444).</span> <span class='ocrx_word' id='word_1_84' title='bbox 1007 1718 1095 1780; x_wconf 82' lang='lat' dir='ltr'><strong><em>quem</em></strong></span> <span class='ocrx_word' id='word_1_85' title='bbox 1109 1699 1218 1761; x_wconf 81' lang='lat' dir='ltr'><strong><em>librum</em></strong></span> 
     </span>
     <span class='ocr_line' id='line_1_13' title="bbox 235 1802 1218 1880; baseline 0 -17"><span class='ocrx_word' id='word_1_86' title='bbox 235 1822 305 1864; x_wconf 88' lang='lat' dir='ltr'>cnm</span> <span class='ocrx_word' id='word_1_87' title='bbox 326 1822 406 1866; x_wconf 90' lang='lat' dir='ltr'><strong><em>anno</em></strong></span> <span class='ocrx_word' id='word_1_88' title='bbox 423 1806 505 1865; x_wconf 81' lang='grc'>4858</span> <span class='ocrx_word' id='word_1_89' title='bbox 521 1807 630 1867; x_wconf 86' lang='lat' dir='ltr'><strong><em>Romae</em></strong></span> <span class='ocrx_word' id='word_1_90' title='bbox 651 1812 844 1880; x_wconf 77' lang='lat' dir='ltr'><strong><em>excuterem,</em></strong></span> <span class='ocrx_word' id='word_1_91' title='bbox 870 1804 973 1864; x_wconf 79' lang='lat' dir='ltr'><strong><em>stettin</em></strong></span> <span class='ocrx_word' id='word_1_92' title='bbox 992 1802 1060 1863; x_wconf 86' lang='lat' dir='ltr'><strong><em>uidi</em></strong></span> <span class='ocrx_word' id='word_1_93' title='bbox 1079 1821 1146 1864; x_wconf 88' lang='lat' dir='ltr'>eum</span> <span class='ocrx_word' id='word_1_94' title='bbox 1167 1804 1218 1863; x_wconf 87' lang='lat' dir='ltr'>in-</span> 
     </span>
     <span class='ocr_line' id='line_1_14' title="bbox 235 1904 1218 1988; baseline 0 -20"><span class='ocrx_word' id='word_1_95' title='bbox 235 1909 394 1988; x_wconf 78' lang='grc'>44444444</span> <span class='ocrx_word' id='word_1_96' title='bbox 426 1926 488 1969; x_wconf 86' lang='lat' dir='ltr'><strong><em>esse</em></strong></span> <span class='ocrx_word' id='word_1_97' title='bbox 517 1909 581 1988; x_wconf 82' lang='lat' dir='ltr'><strong><em>ipse</em></strong></span> <span class='ocrx_word' id='word_1_98' title='bbox 608 1906 747 1968; x_wconf 83' lang='lat' dir='ltr'><strong><em>Leidensi</em></strong></span> <span class='ocrx_word' id='word_1_99' title='bbox 774 1906 889 1979; x_wconf 84' lang='lat' dir='ltr'><strong><em>codice,</em></strong></span> <span class='ocrx_word' id='word_1_100' title='bbox 923 1904 1058 1986; x_wconf 82' lang='lat' dir='ltr'><strong><em>idemque</em></strong></span> <span class='ocrx_word' id='word_1_101' title='bbox 1086 1904 1218 1983; x_wconf 79' lang='lat' dir='ltr'><strong><em>Reiffer—</em></strong></span> 
     </span>
     <span class='ocr_line' id='line_1_15' title="bbox 134 1992 1219 2094; baseline 0 -24"><span class='ocrx_word' id='word_1_102' title='bbox 134 2089 137 2094; x_wconf 87' lang='lat'>.</span> <span class='ocrx_word' id='word_1_103' title='bbox 232 2008 386 2070; x_wconf 77' lang='lat' dir='ltr'><strong><em>scheidius</em></strong></span> <span class='ocrx_word' id='word_1_104' title='bbox 414 2007 544 2089; x_wconf 83' lang='lat' dir='ltr'><strong><em>(Sueten.</em></strong></span> <span class='ocrx_word' id='word_1_105' title='bbox 568 2010 676 2090; x_wconf 85' lang='lat' dir='ltr'><strong><em>reliqq.</em></strong></span> <span class='ocrx_word' id='word_1_106' title='bbox 697 2027 732 2089; x_wconf 83' lang='grc'>4.</span> <span class='ocrx_word' id='word_1_107' title='bbox 758 1992 918 2090; x_wconf 84' lang='grc'>444444.)</span> <span class='ocrx_word' id='word_1_108' title='bbox 945 2008 1103 2071; x_wconf 79' lang='grc'>4444444444.</span> <span class='ocrx_word' id='word_1_109' title='bbox 1125 2041 1128 2046; x_wconf 32' lang='lat' dir='ltr'><strong><em>J</em></strong></span> <span class='ocrx_word' id='word_1_110' title='bbox 1149 2010 1219 2070; x_wconf 82' lang='lat' dir='ltr'><strong><em>ltuic</em></strong></span> 
     </span>
     <span class='ocr_line' id='line_1_16' title="bbox 235 2098 1219 2192; baseline 0.001 -20"><span class='ocrx_word' id='word_1_111' title='bbox 235 2114 332 2192; x_wconf 78' lang='grc'>444444</span> <span class='ocrx_word' id='word_1_112' title='bbox 354 2110 430 2172; x_wconf 78' lang='lat' dir='ltr'><strong><em>libro</em></strong></span> <span class='ocrx_word' id='word_1_113' title='bbox 447 2098 568 2191; x_wconf 79' lang='grc'>4444444</span> <span class='ocrx_word' id='word_1_114' title='bbox 585 2120 691 2192; x_wconf 83' lang='lat' dir='ltr'><strong><em>partes</em></strong></span> <span class='ocrx_word' id='word_1_115' title='bbox 711 2110 815 2173; x_wconf 80' lang='lat' dir='ltr'><strong><em>deleri</em></strong></span> <span class='ocrx_word' id='word_1_116' title='bbox 835 2113 866 2171; x_wconf 90' lang='lat' dir='ltr'>in</span> <span class='ocrx_word' id='word_1_117' title='bbox 888 2110 1007 2192; x_wconf 77' lang='grc'>4444444</span> <span class='ocrx_word' id='word_1_118' title='bbox 1037 2112 1134 2173; x_wconf 85' lang='lat' dir='ltr'><strong><em>denne</em></strong></span> <span class='ocrx_word' id='word_1_119' title='bbox 1162 2131 1219 2174; x_wconf 82' lang='lat' dir='ltr'>re-</span> 
     </span>
     <span class='ocr_line' id='line_1_17' title="bbox 234 2213 1219 2295; baseline -0.001 -20"><span class='ocrx_word' id='word_1_120' title='bbox 234 2214 435 2295; x_wconf 72' lang='lat' dir='ltr'><strong><em>coynascendo</em></strong></span> <span class='ocrx_word' id='word_1_121' title='bbox 462 2213 625 2275; x_wconf 76' lang='lat' dir='ltr'><strong><em>constabat.</em></strong></span> <span class='ocrx_word' id='word_1_122' title='bbox 659 2219 821 2294; x_wconf 85' lang='lat' dir='ltr'><strong><em>praeterea</em></strong></span> <span class='ocrx_word' id='word_1_123' title='bbox 850 2214 1075 2276; x_wconf 80' lang='lat' dir='ltr'><strong><em>Leidensem</em></strong></span> <span class='ocrx_word' id='word_1_124' title='bbox 1103 2232 1219 2295; x_wconf 80' lang='grc'>444444</span> 
     </span>
     <span class='ocr_line' id='line_1_18' title="bbox 236 2314 1219 2396; baseline 0.002 -19"><span class='ocrx_word' id='word_1_125' title='bbox 236 2316 365 2377; x_wconf 86' lang='lat' dir='ltr'><strong><em>codicem</em></strong></span> <span class='ocrx_word' id='word_1_126' title='bbox 379 2317 415 2392; x_wconf 91' lang='lat' dir='ltr'>B,</span> <span class='ocrx_word' id='word_1_127' title='bbox 436 2333 501 2375; x_wconf 80' lang='lat' dir='ltr'>mon</span> <span class='ocrx_word' id='word_1_128' title='bbox 518 2315 629 2377; x_wconf 82' lang='lat' dir='ltr'><strong><em>Rittero</em></strong></span> <span class='ocrx_word' id='word_1_129' title='bbox 644 2334 704 2377; x_wconf 92' lang='lat' dir='ltr'>non</span> <span class='ocrx_word' id='word_1_130' title='bbox 717 2314 829 2395; x_wconf 86' lang='grc'>444444</span> <span class='ocrx_word' id='word_1_131' title='bbox 840 2314 928 2396; x_wconf 74' lang='lat' dir='ltr'><strong><em>fidem</em></strong></span> <span class='ocrx_word' id='word_1_132' title='bbox 944 2315 1100 2394; x_wconf 83' lang='grc'>44444444,</span> <span class='ocrx_word' id='word_1_133' title='bbox 1123 2316 1219 2379; x_wconf 87' lang='lat' dir='ltr'><strong><em>denuo</em></strong></span> 
     </span>
     <span class='ocr_line' id='line_1_19' title="bbox 234 2414 1220 2504; baseline 0.002 -26"><span class='ocrx_word' id='word_1_134' title='bbox 234 2418 349 2504; x_wconf 85' lang='lat' dir='ltr'><strong><em>contuli</em></strong></span> <span class='ocrx_word' id='word_1_135' title='bbox 357 2464 367 2495; x_wconf 87' lang='lat'><em>‚</em></span> <span class='ocrx_word' id='word_1_136' title='bbox 391 2425 420 2478; x_wconf 86' lang='lat' dir='ltr'>et</span> <span class='ocrx_word' id='word_1_137' title='bbox 438 2435 512 2478; x_wconf 84' lang='lat' dir='ltr'><strong><em>noro</em></strong></span> <span class='ocrx_word' id='word_1_138' title='bbox 533 2414 617 2479; x_wconf 78' lang='lat' dir='ltr'><strong><em>tant</em></strong></span> <span class='ocrx_word' id='word_1_139' title='bbox 638 2436 712 2479; x_wconf 89' lang='lat' dir='ltr'><strong><em>raro</em></strong></span> <span class='ocrx_word' id='word_1_140' title='bbox 734 2416 818 2478; x_wconf 83' lang='lat' dir='ltr'><strong><em>illum</em></strong></span> <span class='ocrx_word' id='word_1_141' title='bbox 833 2419 893 2499; x_wconf 81' lang='grc'>4444</span> <span class='ocrx_word' id='word_1_142' title='bbox 906 2418 1035 2480; x_wconf 85' lang='lat' dir='ltr'><strong><em>librario</em></strong></span> <span class='ocrx_word' id='word_1_143' title='bbox 1049 2418 1220 2482; x_wconf 80' lang='lat' dir='ltr'><strong><em>attribuisse</em></strong></span> 
     </span>
     <span class='ocr_line' id='line_1_20' title="bbox 235 2520 1220 2603; baseline 0.002 -23"><span class='ocrx_word' id='word_1_144' title='bbox 235 2539 314 2601; x_wconf 86' lang='grc'>4444</span> <span class='ocrx_word' id='word_1_145' title='bbox 337 2520 515 2581; x_wconf 76' lang='lat' dir='ltr'><strong><em>correctoris</em></strong></span> <span class='ocrx_word' id='word_1_146' title='bbox 542 2527 615 2580; x_wconf 90' lang='lat' dir='ltr'><strong><em>sunt</em></strong></span> <span class='ocrx_word' id='word_1_147' title='bbox 639 2520 776 2601; x_wconf 82' lang='grc'>4444444.</span> <span class='ocrx_word' id='word_1_148' title='bbox 808 2520 935 2603; x_wconf 82' lang='grc'>(4444444</span> <span class='ocrx_word' id='word_1_149' title='bbox 955 2529 990 2582; x_wconf 90' lang='lat' dir='ltr'>ut</span> <span class='ocrx_word' id='word_1_150' title='bbox 1010 2521 1130 2583; x_wconf 87' lang='lat' dir='ltr'><strong><em>tandem</em></strong></span> <span class='ocrx_word' id='word_1_151' title='bbox 1156 2521 1220 2582; x_wconf 85' lang='lat' dir='ltr'><strong><em>oli-</em></strong></span> 
     </span>
     <span class='ocr_line' id='line_1_21' title="bbox 235 2620 1220 2704; baseline 0.003 -21"><span class='ocrx_word' id='word_1_152' title='bbox 235 2622 357 2704; x_wconf 79' lang='grc'>4444444</span> <span class='ocrx_word' id='word_1_153' title='bbox 381 2630 494 2683; x_wconf 85' lang='lat' dir='ltr'><strong><em>certum</em></strong></span> <span class='ocrx_word' id='word_1_154' title='bbox 525 2620 561 2683; x_wconf 83' lang='lat' dir='ltr'>cle</span> <span class='ocrx_word' id='word_1_155' title='bbox 589 2621 715 2704; x_wconf 84' lang='lat' dir='ltr'><strong><em>reliquis</em></strong></span> <span class='ocrx_word' id='word_1_156' title='bbox 745 2641 863 2704; x_wconf 87' lang='grc'>444444</span> <span class='ocrx_word' id='word_1_157' title='bbox 893 2622 1043 2685; x_wconf 70' lang='lat' dir='ltr'><strong><em>addicitis</em></strong></span> <span class='ocrx_word' id='word_1_158' title='bbox 1073 2623 1220 2686; x_wconf 77' lang='lat' dir='ltr'><strong><em>iudiciuae</em></strong></span> 
     </span>
     <span class='ocr_line' id='line_1_22' title="bbox 234 2723 1220 2807; baseline 0 -20"><span class='ocrx_word' id='word_1_159' title='bbox 234 2723 316 2803; x_wconf 74' lang='lat' dir='ltr'><strong><em>ferri</em></strong></span> <span class='ocrx_word' id='word_1_160' title='bbox 326 2733 439 2804; x_wconf 81' lang='lat' dir='ltr'><strong><em>posset,</em></strong></span> <span class='ocrx_word' id='word_1_161' title='bbox 463 2731 620 2804; x_wconf 81' lang='lat' dir='ltr'><strong><em>postquam</em></strong></span> <span class='ocrx_word' id='word_1_162' title='bbox 636 2723 745 2791; x_wconf 86' lang='lat' dir='ltr'><strong><em>codicis</em></strong></span> <span class='ocrx_word' id='word_1_163' title='bbox 764 2726 893 2787; x_wconf 89' lang='lat' dir='ltr'><strong><em>Veneti</em></strong></span> <span class='ocrx_word' id='word_1_164' title='bbox 912 2724 954 2807; x_wconf 75' lang='lat' dir='ltr'>(Vl</span> <span class='ocrx_word' id='word_1_165' title='bbox 975 2727 1126 2787; x_wconf 74' lang='lat' dir='ltr'><strong><em>Bononiae</em></strong></span> <span class='ocrx_word' id='word_1_166' title='bbox 1141 2744 1220 2787; x_wconf 86' lang='grc'>4444</span> 
     </span>
     <span class='ocr_line' id='line_1_23' title="bbox 238 2827 1256 2914; baseline 0.003 -26"><span class='ocrx_word' id='word_1_167' title='bbox 238 2831 319 2889; x_wconf 83' lang='grc'>4464</span> <span class='ocrx_word' id='word_1_168' title='bbox 350 2828 457 2908; x_wconf 79' lang='lat' dir='ltr'><strong><em>scripti</em></strong></span> <span class='ocrx_word' id='word_1_169' title='bbox 484 2827 593 2889; x_wconf 88' lang='lat' dir='ltr'><strong><em>uarias</em></strong></span> <span class='ocrx_word' id='word_1_170' title='bbox 622 2827 772 2906; x_wconf 84' lang='lat' dir='ltr'><strong><em>quasdam</em></strong></span> <span class='ocrx_word' id='word_1_171' title='bbox 802 2827 938 2890; x_wconf 83' lang='lat' dir='ltr'><strong><em>lectiones</em></strong></span> <span class='ocrx_word' id='word_1_172' title='bbox 969 2828 1101 2897; x_wconf 74' lang='lat' dir='ltr'><strong><em>Titanas</em></strong></span> <span class='ocrx_word' id='word_1_173' title='bbox 1128 2827 1223 2891; x_wconf 84' lang='lat' dir='ltr'><strong><em>edidit</em></strong></span> <span class='ocrx_word' id='word_1_174' title='bbox 1251 2906 1256 2914; x_wconf 20' lang='grc' dir='ltr'>ι</span> 
     </span>
     <span class='ocr_line' id='line_1_24' title="bbox 243 2927 1219 3012; baseline 0 -20"><span class='ocrx_word' id='word_1_175' title='bbox 243 2928 393 3011; x_wconf 75' lang='lat' dir='ltr'><strong><em>(Moneta.</em></strong></span> <span class='ocrx_word' id='word_1_176' title='bbox 424 2930 484 3011; x_wconf 90' lang='grc'>444.</span> <span class='ocrx_word' id='word_1_177' title='bbox 507 2927 585 2992; x_wconf 81' lang='lat' dir='ltr'><strong><em>Anz.</em></strong></span> <span class='ocrx_word' id='word_1_178' title='bbox 613 2929 695 2989; x_wconf 87' lang='grc'>4853</span> <span class='ocrx_word' id='word_1_179' title='bbox 718 2932 782 3010; x_wconf 85' lang='lat' dir='ltr'><strong><em>p.t</em></strong></span> <span class='ocrx_word' id='word_1_180' title='bbox 810 2929 920 3012; x_wconf 82' lang='grc'>4444),</span> <span class='ocrx_word' id='word_1_181' title='bbox 951 2929 1044 2992; x_wconf 78' lang='lat' dir='ltr'><strong><em>libros</em></strong></span> <span class='ocrx_word' id='word_1_182' title='bbox 1072 2931 1219 2992; x_wconf 81' lang='lat' dir='ltr'><strong><em>Farno-</em></strong></span> 
     </span>
    </p>

    <p class='ocr_par' dir='ltr' id='par_1_3' title="bbox 235 3029 1222 3317">
     <span class='ocr_line' id='line_1_25' title="bbox 235 3029 1220 3113; baseline 0.001 -19"><span class='ocrx_word' id='word_1_183' title='bbox 235 3030 425 3095; x_wconf 73' lang='lat' dir='ltr'><strong><em>sianunil)</em></strong></span> <span class='ocrx_word' id='word_1_184' title='bbox 447 3032 652 3093; x_wconf 77' lang='lat' dir='ltr'><strong><em>Vaticanus</em></strong></span> <span class='ocrx_word' id='word_1_185' title='bbox 669 3030 728 3093; x_wconf 81' lang='lat' dir='ltr'>DA</span> <span class='ocrx_word' id='word_1_186' title='bbox 740 3029 837 3113; x_wconf 83' lang='lat' dir='ltr'><strong><em>(quem</em></strong></span> <span class='ocrx_word' id='word_1_187' title='bbox 851 3032 1069 3095; x_wconf 72' lang='lat' dir='ltr'><strong><em>ocattnaon</em></strong></span> <span class='ocrx_word' id='word_1_188' title='bbox 1085 3033 1119 3094; x_wconf 89' lang='lat' dir='ltr'>in</span> <span class='ocrx_word' id='word_1_189' title='bbox 1131 3051 1220 3095; x_wconf 85' lang='grc'>44444</span> 
     </span>
     <span class='ocr_line' id='line_1_26' title="bbox 237 3133 1221 3222; baseline 0.003 -27"><span class='ocrx_word' id='word_1_190' title='bbox 237 3137 270 3195; x_wconf 82' lang='lat' dir='ltr'>F.</span> <span class='ocrx_word' id='word_1_191' title='bbox 282 3135 389 3196; x_wconf 86' lang='lat' dir='ltr'><strong><em>Ritteri</em></strong></span> <span class='ocrx_word' id='word_1_192' title='bbox 402 3134 553 3195; x_wconf 85' lang='lat' dir='ltr'><strong><em>conlatum</em></strong></span> <span class='ocrx_word' id='word_1_193' title='bbox 568 3151 632 3195; x_wconf 87' lang='lat' dir='ltr'><strong><em>esse</em></strong></span> <span class='ocrx_word' id='word_1_194' title='bbox 648 3142 710 3195; x_wconf 85' lang='lat' dir='ltr'>tum</span> <span class='ocrx_word' id='word_1_195' title='bbox 725 3133 914 3222; x_wconf 82' lang='lat' dir='ltr'><strong><em>nonnarum)</em></strong></span> <span class='ocrx_word' id='word_1_196' title='bbox 932 3134 1221 3198; x_wconf 84' lang='lat' dir='ltr'><strong><em>Oltoboniaanm</em></strong></span> 
     </span>
     <span class='ocr_line' id='line_1_27' title="bbox 239 3234 1222 3317; baseline 0.003 -21"><span class='ocrx_word' id='word_1_197' title='bbox 239 3238 321 3297; x_wconf 81' lang='grc'>4455</span> <span class='ocrx_word' id='word_1_198' title='bbox 343 3234 404 3317; x_wconf 88' lang='grc' dir='ltr'>(Ε),</span> <span class='ocrx_word' id='word_1_199' title='bbox 431 3253 504 3316; x_wconf 87' lang='grc'>4444</span> <span class='ocrx_word' id='word_1_200' title='bbox 519 3254 562 3298; x_wconf 75' lang='lat' dir='ltr'>em</span> <span class='ocrx_word' id='word_1_201' title='bbox 576 3255 635 3297; x_wconf 88' lang='grc'>444</span> <span class='ocrx_word' id='word_1_202' title='bbox 652 3237 789 3316; x_wconf 84' lang='lat' dir='ltr'><strong><em>eocemplo</em></strong></span> <span class='ocrx_word' id='word_1_203' title='bbox 805 3255 988 3298; x_wconf 84' lang='lat' dir='ltr'><strong><em>cominunem</em></strong></span> <span class='ocrx_word' id='word_1_204' title='bbox 1003 3239 1138 3299; x_wconf 77' lang='lat' dir='ltr'><strong><em>traoense</em></strong></span> <span class='ocrx_word' id='word_1_205' title='bbox 1153 3239 1222 3300; x_wconf 88' lang='lat' dir='ltr'><strong><em>ori-</em></strong></span> 
     </span>
    </p>
   </div>
   <div class='ocr_carea' id='block_1_3' title="bbox 234 3336 1217 3421">
    <p class='ocr_par' dir='ltr' id='par_1_4' title="bbox 234 3336 1217 3421">
     <span class='ocr_line' id='line_1_28' title="bbox 234 3336 1217 3421; baseline 0.003 -22"><span class='ocrx_word' id='word_1_206' title='bbox 234 3340 335 3420; x_wconf 83' lang='lat' dir='ltr'><strong><em>9incm</em></strong></span> <span class='ocrx_word' id='word_1_207' title='bbox 370 3338 496 3400; x_wconf 71' lang='lat' dir='ltr'><strong><em>demeret</em></strong></span> <span class='ocrx_word' id='word_1_208' title='bbox 523 3338 723 3419; x_wconf 81' lang='lat' dir='ltr'><strong><em>Nipperdems</em></strong></span> <span class='ocrx_word' id='word_1_209' title='bbox 751 3336 1012 3415; x_wconf 75' lang='lat' dir='ltr'><strong><em>Reiffersclerdius</em></strong></span> <span class='ocrx_word' id='word_1_210' title='bbox 1039 3349 1217 3421; x_wconf 80' lang='grc'>4444444444,</span> 
     </span>
    </p>
   </div>
   <div class='ocr_carea' id='block_1_4' title="bbox 237 3438 1225 3829">
    <p class='ocr_par' dir='ltr' id='par_1_5' title="bbox 237 3438 1225 3829">
     <span class='ocr_line' id='line_1_29' title="bbox 238 3438 1225 3521; baseline 0.002 -19"><span class='ocrx_word' id='word_1_211' title='bbox 238 3441 437 3503; x_wconf 82' lang='lat' dir='ltr'><strong><em>intercedente</em></strong></span> <span class='ocrx_word' id='word_1_212' title='bbox 464 3438 619 3518; x_wconf 77' lang='lat' dir='ltr'><strong><em>Willielmo</em></strong></span> <span class='ocrx_word' id='word_1_213' title='bbox 641 3441 799 3517; x_wconf 75' lang='grc'>44444444,</span> <span class='ocrx_word' id='word_1_214' title='bbox 825 3443 891 3503; x_wconf 87' lang='lat' dir='ltr'><strong><em>uiro</em></strong></span> <span class='ocrx_word' id='word_1_215' title='bbox 913 3442 1172 3521; x_wconf 82' lang='lat' dir='ltr'><strong><em>praestantissima</em></strong></span> <span class='ocrx_word' id='word_1_216' title='bbox 1195 3450 1225 3505; x_wconf 91' lang='lat' dir='ltr'>et</span> 
     </span>
     <span class='ocr_line' id='line_1_30' title="bbox 237 3542 1222 3625; baseline 0.001 -21"><span class='ocrx_word' id='word_1_217' title='bbox 237 3543 390 3625; x_wconf 86' lang='lat' dir='ltr'><strong><em>quondam</em></strong></span> <span class='ocrx_word' id='word_1_218' title='bbox 404 3542 615 3605; x_wconf 81' lang='lat' dir='ltr'><strong><em>contubernali</em></strong></span> <span class='ocrx_word' id='word_1_219' title='bbox 628 3543 827 3621; x_wconf 79' lang='lat' dir='ltr'><strong><em>amicissima,</em></strong></span> <span class='ocrx_word' id='word_1_220' title='bbox 850 3561 970 3605; x_wconf 83' lang='lat' dir='ltr'><strong><em>summa</em></strong></span> <span class='ocrx_word' id='word_1_221' title='bbox 983 3546 1176 3607; x_wconf 81' lang='lat' dir='ltr'><strong><em>accuratione</em></strong></span> <span class='ocrx_word' id='word_1_222' title='bbox 1190 3546 1222 3605; x_wconf 90' lang='lat' dir='ltr'>in</span> 
     </span>
     <span class='ocr_line' id='line_1_31' title="bbox 237 3644 1222 3728; baseline 0.002 -24"><span class='ocrx_word' id='word_1_223' title='bbox 237 3663 326 3706; x_wconf 83' lang='grc'>44444</span> <span class='ocrx_word' id='word_1_224' title='bbox 349 3664 446 3706; x_wconf 85' lang='lat' dir='ltr'><strong><em>meum</em></strong></span> <span class='ocrx_word' id='word_1_225' title='bbox 472 3646 596 3711; x_wconf 85' lang='lat' dir='ltr'><strong><em>contulit</em></strong></span> <span class='ocrx_word' id='word_1_226' title='bbox 616 3644 789 3709; x_wconf 83' lang='grc'>4444444444</span> <span class='ocrx_word' id='word_1_227' title='bbox 811 3645 987 3708; x_wconf 81' lang='grc'>8444444444.</span> <span class='ocrx_word' id='word_1_228' title='bbox 1021 3646 1131 3728; x_wconf 82' lang='lat' dir='ltr'><strong><em>quibus</em></strong></span> <span class='ocrx_word' id='word_1_229' title='bbox 1146 3645 1222 3708; x_wconf 84' lang='lat' dir='ltr'><strong><em>sal-</em></strong></span> 
     </span>
     <span class='ocr_line' id='line_1_32' title="bbox 237 3747 995 3829; baseline 0.001 -21"><span class='ocrx_word' id='word_1_230' title='bbox 237 3747 326 3810; x_wconf 89' lang='lat' dir='ltr'><strong><em>sidiis</em></strong></span> <span class='ocrx_word' id='word_1_231' title='bbox 340 3747 484 3829; x_wconf 83' lang='lat' dir='ltr'><strong><em>quamodo</em></strong></span> <span class='ocrx_word' id='word_1_232' title='bbox 500 3748 641 3810; x_wconf 83' lang='lat' dir='ltr'><strong><em>utendum</em></strong></span> <span class='ocrx_word' id='word_1_233' title='bbox 655 3750 696 3813; x_wconf 85' lang='lat' dir='ltr'>sit</span> <span class='ocrx_word' id='word_1_234' title='bbox 707 3750 817 3828; x_wconf 84' lang='lat' dir='ltr'><strong><em>paucis</em></strong></span> <span class='ocrx_word' id='word_1_235' title='bbox 831 3767 995 3829; x_wconf 76' lang='grc'>44444444.</span> 
     </span>
    </p>
   </div>
   <div class='ocr_carea' id='block_1_5' title="bbox 0 0 1598 4758">
    <p class='ocr_par' dir='ltr' id='par_1_6' title="bbox 0 0 1598 4758">
     <span class='ocr_line' id='line_1_33' title="bbox 0 0 1598 4758; baseline 0 0"><span class='ocrx_word' id='word_1_236' title='bbox 0 0 1598 4758; x_wconf 95' lang='lat' dir='ltr'> </span> 
     </span>
    </p>
   </div>
  </div>
 </body>
</html>
