3168 4758
748 499 1043 559 .„.64-.

349 679 390 741 38
467 677 596 730 transeo
620 667 661 729 ad
683 666 820 731 formam
843 677 875 729 et
889 666 1158 730 consuetudinem
1173 676 1320 731 ueterum
1335 667 1385 730 iu-

400 773 567 837 diciorum.
588 793 671 853 qnee
688 773 747 837 etsi
763 794 851 837 nunc
866 772 972 856 aptior
988 772 1144 848 extiterit,
1163 772 1384 855 eloquentiam

401 890 511 942 tamen
529 878 614 941 illud
634 862 741 941 forum
759 880 863 964 magis
886 880 1067 954 exercebat,
1091 879 1126 941 in
1142 899 1205 960 quo
1221 900 1318 943 nemo
1334 880 1382 943 in·

401 997 450 1049 tra
469 984 683 1068 paucissimas
705 984 800 1049 horas
829 1004 978 1068 perorare
1001 986 1179 1069 cogebatur
1201 995 1233 1048 et
1261 984 1382 1050 liberae
1454 1041 1468 1062 ,

400 1092 756 1174 comperendinationes
772 1102 863 1155 erant
878 1103 910 1155 et
924 1093 1057 1155 modurn
1073 1091 1204 1179 dicendi
1219 1091 1283 1156 sibi
1298 1093 1383 1174 quis·
1399 1116 1414 1155 s

365 1186 373 1196 ’
400 1219 462 1280 que
484 1199 635 1261 sumebat
657 1209 689 1261 et
710 1220 864 1262 numerus
885 1220 992 1280 neque
1008 1199 1133 1262 dierum
1155 1188 1261 1281 neque
1276 1210 1383 1282 patro·

398 1326 514 1369 norum
535 1305 721 1368 finiebatur.
763 1306 885 1389 primus
905 1305 985 1369 baec
1008 1306 1103 1368 tertio
1123 1305 1296 1369 consulatu
1317 1306 1379 1370 Cn.
1409 1301 1418 1306 ’
1525 1386 1530 1397 ⁸

399 1410 577 1494 Pompeius
604 1411 1021 1501 adstrinxit'imposuitquc
1050 1412 1154 1475 ueluti
1184 1412 1291 1476 frenos
1317 1414 1383 1477 elo·

400 1519 561 1600 quentiae.
587 1520 634 1581 ita
649 1529 758 1581 tamen
773 1529 811 1581 ut
826 1519 936 1582 omnia
950 1520 986 1582 in
1001 1519 1081 1595 foro,
1111 1519 1221 1583 omnia
1241 1519 1380 1602 legibus,
1426 1530 1428 1533 '

400 1625 511 1689 omnia
533 1625 621 1708 apud
642 1635 804 1708 praetores
826 1636 1032 1707 gererentur3
1050 1626 1137 1710 apud
1158 1647 1238 1707 quos
1260 1637 1382 1709 quanto
1399 1653 1428 1695 ro

399 1733 520 1795 maiora
542 1731 674 1814 negotia
696 1731 773 1794 olim
796 1733 936 1795 exerceri
958 1733 1054 1796 solita
1068 1733 1145 1810 sint,
1169 1734 1256 1815 quod
1278 1734 1382 1796 maius

399 1849 624 1921 argumentum
648 1850 698 1901 est
727 1859 826 1920 quarn
853 1840 940 1921 quod
970 1860 1086 1903 causae
1117 1840 1380 1916 centumuirales,

403 1965 484 2027 quae
510 1966 598 2018 nnnc
625 1946 766 2027 primum
792 1946 942 2027 optinent
962 1946 1082 2022 locum,
1110 1947 1191 2009 adeo
1212 1945 1382 2028 splendore

399 2051 534 2114 aliorum
556 2051 748 2114 iudiciorum
771 2053 1000 2128 obruebantur,
1030 2064 1068 2115 ut
1088 2073 1193 2134 neque
1217 2052 1382 2116 Ciceronis

398 2179 505 2240 neque
522 2158 668 2223 Caesaris
683 2178 788 2240 neque
805 2159 898 2222 Bruti
913 2180 1018 2241 neque
1032 2159 1135 2225 Caelii
1150 2179 1258 2241 neque
1274 2158 1380 2235 Calui,
1399 2178 1427 2219 15

397 2286 464 2328 non
480 2265 620 2349 denique
634 2265 733 2328 ullius
748 2265 861 2348 magni
877 2265 1012 2328 oratoris
1035 2264 1118 2327 liber
1133 2266 1221 2347 apud
1236 2276 1380 2328 centum·
1527 2248 1532 2257 ⁸

397 2372 483 2435 uiros
500 2372 605 2435 dictus
629 2370 777 2457 legatur?
800 2372 943 2453 exceptis
966 2371 1164 2435 orationibus
1181 2373 1287 2451 Asinii
1303 2393 1383 2455 quae

398 2501 455 2563 pro
477 2479 652 2542 heredibus
674 2478 830 2542 Vrbiniae
856 2476 1093 2555 inscribuntur,
1118 2480 1250 2562 abipso
1273 2470 1383 2544 tamen

398 2586 548 2650 Pollione
578 2585 697 2648 mediis.
725 2584 794 2647 diui
824 2586 965 2668 Augusti
997 2586 1196 2668 temporibus
1233 2586 1378 2660 habitae,

469 2845 525 2895 let
542 2841 581 2895 sic
599 2844 629 2897 D
644 2842 649 2910 l
664 2840 788 2895 extiterit
812 2811 980 2895 Waltlrorua:
999 2849 1042 2894 est
1063 2841 1103 2894 ita
1120 2841 1173 2894 erit
1189 2844 1273 2897 ΑΒΘ
1286 2850 1329 2895 est
1345 2842 1383 2895 ita

399 2929 463 2994 [est]
478 2927 531 2981 erit
547 2929 632 2982 Dest
646 2967 771 2982 ........
785 2926 816 2981 Ε
832 2933 873 2980 ast
894 2927 1006 2980 ueritati
1017 2927 1145 2995 Agricola
1157 2935 1200 2980 est
1211 2927 1320 2981 ciuitati
1332 2926 1383 2979 Bi-

394 3013 510 3082 pontina
528 3012 702 3069 existimatur
713 3011 853 3066 Acriialiuc
868 3012 873 3081 Ι
888 3011 1076 3082 eloquentiam
1088 3011 1212 3082 Lapaius:
1225 3012 1383 3082 eloquentia

397 3149 536 3202 ABODE
543 3147 547 3216 Ι
558 3153 573 3199 1
587 3140 764 3217 paucissimas
777 3100 1130 3212 horasd.·pai⁵170lii'lmasn
1142 3144 1323 3215 paucissimas
1334 3143 1383 3196 ho·

397 3250 440 3287 aas
451 3251 483 3286 .s.
497 3233 522 3287 0
530 3230 707 3312 paucissimas
720 3233 778 3286 BD
790 3227 967 3301 paucissimis
978 3231 1023 3298 ΕΙ
1039 3233 1054 3282 5
1069 3229 1243 3301 competendi
1256 3229 1382 3283 nationes

398 3322 435 3384 B,
450 3336 517 3371 corr.
527 3318 543 3370 b
555 3317 836 3386 conphendinationes
852 3318 896 3383 [et]
909 3316 940 3376 D
952 3314 1249 3386 comperendinationis
1264 3317 1294 3369 E
1310 3316 1315 3384 l
1341 3314 1382 3368 di·

398 3403 488 3466 sendo⁸
501 3404 629 3471 BODEl
644 3402 818 3456 &sumebant
829 3404 859 3456 D
874 3403 878 3467 Ι
895 3404 908 3452 7
923 3401 991 3453 haec
1005 3402 1041 3457 0.-
1055 3400 1087 3455 he
1098 3403 1129 3456 D
1140 3400 1191 3454 hec
1202 3400 1233 3452 E
1248 3401 1293 3455 hic
1305 3399 1381 3482 Aa!

400 3501 453 3606 ui.
469 3535 580 3603 oron.
600 3526 657 3592 Aa
672 3535 677 3606 ι
692 3539 708 3588 a
726 3535 854 3609 sennan
870 3534 1001 3600 nonar
1019 3537 1049 3587 n
1066 3541 1169 3602 quana
1187 3536 1216 3588 a
1231 3534 1286 3598 (aaa
1301 3536 1379 3597 arr.)

398 3624 447 3696 Dl
467 3626 494 3674 11
515 3621 629 3692 negocia
645 3623 703 3688 AB
718 3625 723 3690 Ι
741 3624 770 3675 13
785 3624 865 3691 quae]
885 3629 913 3675 et
932 3622 962 3676 D
977 3622 982 3685 Ι
998 3619 1125 3675 obtinent
1144 3619 1210 3684 ΟΕΙ
1227 3620 1258 3670 14
1277 3617 1383 3686 aliquo·

398 3724 460 3763 rum
477 3707 553 3777 AB}
571 3711 602 3762 15
615 3706 704 3773 Caelii
722 3708 770 3772 ΒΙ
791 3709 818 3759 18
832 3697 959 3760 Vrbiniae
978 3703 1107 3775 Lipsius:
1127 3703 1209 3758 Vruie
1227 3706 1285 3759 ΑΕ
1300 3702 1383 3767 Vriuq

400 3793 451 3847 01>
463 3782 560 3857 u'rbine
570 3796 598 3848 B
610 3792 710 3846 Vrinac
727 3792 754 3847 V
762 3790 894 3860 ironiaep
909 3794 914 3859 Ι
930 3791 1087 3844 scribuntur
1098 3789 1128 3842 Ε
1478 3782 1485 3789 ’
