3168 4758
719 481 1055 561 4-rs‘--

359 654 402 716 30
413 650 544 745 minumx
559 649 614 713 uel
635 660 817 732 temporum
838 650 915 713 satis
934 671 1048 734 operae
1064 651 1249 726 insumitur,
1267 651 1324 713 sed
1339 670 1392 712 ex·
1408 665 1434 708 rs

411 766 567 842 petuntur
605 776 685 840 quos
722 755 865 820 rhetoras
886 767 1033 820 *uocant*
1054 778 1207 839 ·quorum
1237 756 1391 840 professio

412 864 542 947 quando
557 860 697 947 primum
713 862 748 926 in
762 863 847 927 hano
862 864 976 928 urbem
985 863 1169 928 introducta
1179 863 1392 946 sit'quamque

412 970 538 1033 nullam
560 970 647 1053 epud
669 969 804 1033 maiores
828 982 953 1034 nostros
980 970 1205 1035 auctoritatem
1229 969 1390 1044 habuerit,

414 1077 550 1156 ,estotim
573 1076 716 1141 dicturus
738 1078 873 1142 referam
895 1075 1027 1142 necesse
1043 1088 1092 1142 est
1106 1078 1251 1141 animum
1265 1076 1306 1139 ad
1322 1094 1420 1153 camo

414 1183 622 1267 disciplinam
638 1187 701 1268 qua
716 1206 792 1249 usos
808 1207 877 1249 esse
891 1166 944 1248 eos
955 1196 1094 1249 oratores
1106 1184 1301 1268 accepimus,
1316 1200 1393 1266 quo-

412 1313 486 1353 rum
506 1290 653 1375 infinitus
667 1292 760 1356 labor
775 1305 808 1355 et
823 1293 1011 1375 quotidiana
1025 1292 1192 1374 meditatio
1208 1301 1241 1354 et
1255 1291 1290 1354 in
1304 1290 1394 1354 cinni

360 1439 363 1445 ·
414 1419 532 1482 genere
543 1399 725 1462 studiorum
737 1400 884 1463 assiduae
893 1399 1137 1463 exercitationes
1145 1398 1287 1482 ipsorum
1296 1397 1393 1460 etiam

413 1505 620 1569 continentur
634 1506 736 1569 libris.
769 1518 865 1571 notus
880 1516 929 1569 est
942 1506 1034 1571 uobis
1049 1506 1160 1589 utique
1177 1503 1341 1571 Ciceronis
1356 1504 1394 1567 li·

360 1634 365 1643 ’
407 1614 471 1676 -ber
486 1612 542 1696 qui
558 1616 677 1676 Brutus
692 1613 888 1687 inscribitur,
898 1613 933 1677 in
945 1613 1036 1678 cuius
1049 1625 1191 1677 extrema
1203 1622 1293 1696 parte
1310 1613 1395 1695 (nam
1411 1632 1437 1674 ro

411 1720 500 1803 prior
520 1706 856 1784 commemorationem
872 1731 1016 1784 veterum
1033 1730 1193 1784 oratorum
1208 1713 1315 1803 hab’et)
1336 1741 1395 1785 suo

415 1826 526 1902 initia,
552 1847 626 1891 suos
649 1812 784 1911 gradus,
808 1848 885 1890 suae
907 1827 1111 1910 eloquentiae
1126 1828 1216 1890 uelut
1231 1827 1395 1909 quandem

332 1932 338 1936 ⁴
413 1933 640 1997 educationem
660 1934 773 2011 refert:
792 1954 825 1996 se
849 1935 934 2017 apud
950 1934 991 2001 Q.
1009 1934 1156 1997 Mucium
1170 1934 1220 1997 ius
1236 1934 1332 1998 ciuile
1348 1934 1394 1997 di·

416 2039 543 2117 dicisse,
562 2043 648 2124 apud
665 2042 836 2104 Philonem
852 2041 1094 2116 Academicum,
1112 2042 1199 2125 apud
1217 2039 1394 2104 Diodotum

414 2148 560 2211 Stoicum
583 2170 693 2213 omnes
713 2146 939 2232 philosophiae
961 2158 1067 2231 partes
1089 2148 1220 2232 penitus
1234 2147 1392 2222 hausisse,
1410 2159 1436 2201 1⁶

416 2276 522 2338 neque
542 2255 583 2319 iis
605 2255 789 2320 doctoribus
812 2265 1013 2331 contentum,
1038 2277 1174 2338 quorum
1197 2255 1227 2318 ei
1249 2256 1341 2339 copia
1360 2256 1395 2318 in

316 2400 319 2406 ·
415 2352 495 2425 urbe
511 2361 699 2445 contigerat,
714 2363 873 2426 Achaiam
888 2383 1015 2445 quoque
1027 2373 1059 2425 et
1071 2364 1182 2427 Asiam
1194 2384 1392 2447 peragrasse,

415 2480 454 2532 ut
466 2490 599 2547 omnem
620 2468 765 2533 omnium
780 2470 897 2532 artium
912 2454 1102 2534 uarietatem
1117 2470 1392 2553 complecteretur.

414 2576 525 2658 itaque
542 2575 649 2639 hercle
664 2575 800 2641 inlibris
812 2576 978 2641 Ciceronis
990 2577 1230 2661 deprehendere
1242 2577 1318 2641 licet
1327 2599 1395 2641 uon

1222 2749 1233 2790 l
1241 2754 1310 2787 uocem

488 2797 499 2845 1
522 2794 658 2848 insumere
679 2796 724 2861 01
753 2794 907 2847 lrethoras
924 2797 955 2850 D
980 2794 985 2863 Ι
1014 2802 1115 2848 uocant
1136 2797 1200 2850 OE:
1222 2795 1327 2850 uocatis
1338 2799 1396 2869 AB

416 2881 524 2934 uocatis
537 2883 567 2936 D
581 2885 587 2948 Ι
602 2886 618 2933 4
630 2881 708 2934 nulla
719 2884 750 2939 D
764 2885 769 2946 Ι
785 2887 800 2932 5
813 2897 868 2933 ιιοιι
881 2879 963 2934 latius
976 2881 1176 2952 Nipperdeius*
1182 2901 1214 2952 p.
1224 2886 1273 2935 574
1289 2886 1294 2948 Ι
1309 2882 1396 2935 dictu-

416 2983 464 3020 rus
482 2969 648 3020 Grooouiur:
663 2966 697 3020 de
711 2967 793 3019 curiis
804 2969 915 3022 ABOD
927 2967 1074 3021 decurrens
1085 2971 1115 3023 E
1130 2968 1227 3022 dicam.
1244 2970 1320 3038 prius
1334 2968 1396 3020 Aci-

371 3060 373 3063 ’
418 3054 511 3106 dolius.
531 3056 603 3123 fort.
618 3051 672 3104 iam
691 3070 745 3105 non
759 3057 973 3122 persecuturus!
996 3058 1085 3123 lique
1103 3056 1222 3108 usosB:
1241 3070 1294 3122 quo
1313 3070 1394 3107 ausos

417 3157 499 3210 ΑΘΕ
514 3172 569 3224 quo
582 3172 648 3208 auos
660 3159 691 3211 D
705 3158 710 3225 Ι
728 3142 810 3222 [ῃῖὁε]
822 3173 874 3215 ,οοε
886 3159 916 3211 D
932 3156 936 3227 Ι
953 3156 1154 3211 l'cotidianaC
1172 3156 1176 3225 Ι
1197 3159 1212 3207 8
1225 3156 1395 3209 exercitatio·

416 3259 468 3295 nes
481 3259 548 3295 corr.
564 3244 643 3297 BE.-
655 3241 862 3295 exercitationis
874 3244 984 3297 ABOD
998 3247 1003 3309 Ι
1018 3246 1034 3294 9
1047 3242 1128 3296 uobis
1140 3242 1303 3295 Rhenanus:
1315 3239 1394 3294 nobis
1470 3252 1473 3255 ·

419 3329 559 3383 ABCDE
571 3331 576 3392 Ι
592 3327 690 3399 utique
702 3327 783 3381 nobis
795 3331 826 3383 D
840 3331 844 3393 Ι
864 3331 894 3381 13
909 3328 1149 3383 seducationemO
1161 3330 1165 3397 Ι
1181 3329 1263 3383 refert
1275 3346 1342 3381 corr.
1351 3331 1394 3381 B:

420 3415 521 3468 referre
533 3415 690 3479 ABODEl
710 3401 834 3468 Mutiu'm
846 3417 985 3470 ABCDE
998 3418 1002 3482 Ι
1017 3413 1109 3468 ciuille
1121 3417 1151 3469 D
1172 3415 1176 3483 Ι
1202 3418 1230 3467 ll
1244 3413 1394 3485 Phylonem

423 3501 446 3555 0
459 3501 463 3570 Ι
479 3499 692 3553 Achademicum
704 3503 815 3556 ABGD
834 3503 840 3571 Ι
861 3500 1012 3555 Diodotum
1027 3502 1065 3556 0:
1083 3500 1243 3570 Dyodorum
1255 3503 1312 3556 ΑΕ
1327 3499 1396 3554 Dio-

417 3602 518 3656 dorum
531 3605 589 3658 BD
604 3607 609 3668 Ι
627 3606 657 3657 15
670 3604 798 3675 poenitus
810 3606 834 3660 0
846 3610 850 3671 Ι
866 3591 962 3665 lru-isse
975 3603 1001 3669 (i.
1011 3621 1031 3656 e.
1042 3603 1180 3669 habuisse)
1191 3605 1221 3658 D
1236 3603 1240 3673 Ι
1258 3605 1288 3657 16
1298 3605 1394 3673 neque]
1452 3640 1455 3643 -

411 3694 433 3765 Ιῑ
445 3693 472 3743 A
495 3689 501 3757 Ι
525 3688 568 3742 his
583 3691 633 3744 OE
648 3689 702 3744 hiis
714 3693 744 3746 D
766 3695 771 3756 Ι
793 3690 901 3761 copiam
917 3690 941 3744 0
957 3689 962 3760 Ι
983 3690 1010 3742 in
1023 3687 1090 3749 urhe
1102 3706 1152 3742 om.
1167 3690 1216 3757 Dl
1241 3692 1270 3740 19
1284 3687 1395 3743 hercule

420 3776 520 3841 CDE!
536 3784 564 3828 et
575 3775 603 3827 in
615 3777 661 3844 ΕΙ
677 3776 741 3829 licet
753 3794 818 3829 corr.
834 3794 866 3829 eo
884 3776 996 3849 dicetD
1022 3840 1025 3846 Α
