3168 4758
588 543 890 604 ...53-

244 714 297 776 'ius
320 712 461 779 ciuitatis
481 712 568 775 ultro
589 711 769 787 derideant,
792 690 969 795 sapientiae
989 728 1065 774 uero
1085 712 1231 775 studium

198 835 233 889 50
249 831 281 882 et
301 829 473 909 praecepta
489 818 698 900 prudentium
713 818 842 900 penitus
858 818 1085 882 reformident:
1103 818 1138 882 in
1153 838 1231 901 pau·
1270 856 1274 859 Δ

249 928 393 990 sissimus
413 947 526 989 sensus
548 935 581 997 et
602 935 759 1007 angustus
779 920 956 989 sententias
975 925 1151 988 detrudunt
1166 925 1231 987 elo-

249 1031 417 1117 quentiam
431 1032 526 1094 uelut
539 1032 715 1114 expulsam.
724 1052 826 1114 regno
840 1052 912 1108 suo,
925 1041 963 1095 ut
976 1052 1061 1115 quae
1076 1032 1154 1096 olim
1165 1052 1231 1096 om·

249 1141 341 1203 nium
367 1138 501 1207 artium,
516 1137 648 1202 domina
677 1137 895 1220 pulcherrimo
923 1141 1079 1202 comitatu
1103 1152 1233 1223 pectora

250 1247 418 1330 implebat,
432 1266 521 1308 nune
536 1243 726 1307 circumcisa
741 1255 773 1307 et
788 1255 966 1328 amputata,
981 1244 1051 1308 sine
1063 1256 1229 1329 apparatu,

198 1344 233 1419 {rs
249 1355 318 1418 sine
334 1354 466 1426 honore,
481 1372 586 1435 paene
602 1351 738 1414 dixerim
752 1351 822 1415 sine
833 1351 1049 1435 ingenuitate,
1063 1352 1156 1435 quasi
1167 1375 1232 1417 una

222 1517 225 1523 ,
250 1483 291 1522 ex
313 1457 541 1522 sordidissimis
562 1457 706 1521 artificiis
725 1458 879 1521 discatur.
913 1480 973 1542 ego
994 1459 1079 1523 hane
1094 1460 1233 1542 primam
1274 1466 1279 1475 ”

250 1579 284 1629 et
305 1565 513 1648 praeeipuam
535 1586 665 1629 eausam
680 1565 826 1643 arbitror,
844 1587 903 1628 eur
914 1564 952 1628 in
968 1576 1095 1628 tantum
1110 1567 1151 1629 ab
1168 1567 1233 1630 elo·

236 1672 384 1755 -quentia
405 1670 610 1752 antiquorum
633 1681 796 1734 oratorum
817 1672 1050 1736 recesserimus.
1090 1672 1118 1734 si
1139 1684 1233 1736 testes

250 1779 484 1853 desiderentur,
496 1782 575 1859 quos
585 1776 725 1861 potiores
737 1779 913 1843 nominabo
925 1800 1021 1861 quam
1035 1781 1123 1863 apud
1131 1780 1233 1843 Grae·

200 1904 234 1946 :ao
250 1908 304 1948 cos
321 1885 588 1961 Demosthenem,
607 1905 703 1966 quem
725 1885 996 1949 studiosissimum
1011 1887 1156 1950 Platonis
1178 1909 1233 1950 su·

251 1993 387 2055 ditorem
408 1992 507 2055 fuisse
529 1991 704 2054 memoriae
727 1992 891 2075 proditum
915 1992 984 2055 esti
1006 2005 1038 2056 et
1053 1992 1168 2057 Cicero
1182 1994 1233 2057 his
1316 1978 1318 1985 ¹

250 2112 287 2162 ut
302 2099 416 2180 opinor
430 2097 539 2161 uerbis
549 2097 658 2175 refert,
672 2098 828 2180 quiequid
839 2101 874 2162 in
885 2100 1070 2183 eloquentis
1081 2100 1231 2177 effecerit,

243 2207 284 2268 id
299 2226 334 2268 se
349 2226 416 2282 nou
430 2205 594 2268 rhetorum
609 2204 748 2289 officiatis
756 2207 816 2268 sed
826 2207 1021 2270 Academiae
1030 2207 1144 2290 spatiis
1156 2189 1244 2272 eon-¹
1276 2234 1286 2255 ,

250 2323 407 2378 secutum.
440 2320 518 2372 sunt
539 2309 622 2373 aliae
645 2332 772 2387 causae,
790 2334 928 2396 magnae
950 2325 982 2376 et
1003 2334 1132 2397 graues,
1154 2335 1233 2396 quas

201 2440 235 2482 es
249 2443 270 2481 a
292 2418 386 2483 uobis
408 2420 525 2504 aperiri
548 2440 688 2503 aequum
703 2431 764 2495 est,
780 2408 1079 2502 quoniamquidem
1095 2440 1154 2503 ego
1169 2410 1234 2483 iani

250 2548 360 2589 meum
378 2544 499 2592 munus
520 2526 652 2610 expleui
670 2536 717 2603 et,
734 2527 822 2609 quod
842 2525 925 2590 mihi
944 2528 979 2590 in
999 2527 1235 2591 consuetudine

233 2645 310 2709 est,
329 2633 405 2697 satis
420 2634 539 2698 multos
556 2634 689 2697 offendi.
722 2634 811 2716 quod
826 2632 854 2696 si
867 2631 949 2695 forte
964 2633 1045 2696 haee
1061 2633 1232 2709 audierint,
1325 2633 1331 2642 ”

146 2780 151 2786 ·
244 2751 373 2804 eertum
395 2741 500 2805 habeo
522 2740 666 2804 dioturos
686 2761 751 2817 me,
769 2740 848 2803 dum
868 2739 947 2803 iuris
963 2750 994 2805 et
1008 2740 1234 2824 philosophiae

247 3054 286 3104 ’20
303 3051 434 3122 poenitus
453 3052 478 3106 0
489 3052 494 3118 Ι
516 3052 545 3104 21
567 3051 782 3105 detrudunt'D:
807 3050 957 3105 detrudant
972 3052 1083 3106 ABUE
1100 3052 1104 3119 Ι
1125 3054 1157 3104 22
1175 3060 1235 3121 utq;
1271 3098 1275 3112 ,

248 3138 311 3199 GE,
333 3130 403 3207 queo
420 3153 503 3206 supro
514 3150 620 3191 nerem
633 3153 683 3191 sor.
698 3154 713 3190 e
736 3142 741 3202 Ι
762 3140 795 3188 23
808 3137 927 3210 dendus]
941 3137 1039 3190 dieunt
1049 3139 1081 3192 D
1094 3142 1100 3202 Ι
1115 3136 1236 3190 summit-

245 3223 304 3276 iari
314 3225 353 3284 D,
367 3223 415 3275 sed
423 3239 492 3276 corr.
504 3223 676 3276 committatis
688 3220 693 3291 1
707 3225 741 3275 24
753 3230 803 3275 riso
812 3225 844 3277 1)
854 3224 858 3292 Ι
870 3222 1059 3278 circuncisaE
1071 3224 1075 3292 Ι
1089 3225 1122 3277 26
1135 3222 1236 3276 sordis-

252 3307 329 3361 simis
348 3308 468 3362 ertiiitiis
480 3309 511 3362 D
526 3313 531 3372 Ι
544 3322 612 3376 ergo
626 3309 725 3375 ORE!
740 3308 775 3360 hs
792 3311 823 3364 1)
838 3313 843 3363 1
866 3311 898 3362 27
912 3308 1031 3363 arbitror
1045 3322 1094 3361 eur
1105 3325 1145 3377 p.-
1163 3308 1237 3361 arbi-

244 3401 341 3447 tratur
357 3396 416 3449 AE
431 3394 582 3448 arbitratus
601 3392 761 3448 Barbitror
780 3394 849 3462 GDi
866 3397 898 3447 28
917 3393 1081 3448 recessimus
1100 3396 1127 3448 B
1146 3410 1237 3447 reeen-

246 3479 370 3533 ssrimus
388 3481 427 3542 D,
448 3478 495 3534 ssd
511 3497 579 3533 sorr.
597 3483 602 3547 Ι
622 3481 656 3533 30
672 3480 866 3534 Demostehem
882 3481 931 3549 D!
954 3484 983 3533 ³1
1000 3480 1103 3533 0fuisse
1120 3482 1148 3534 B
1170 3479 1237 3549 [Μ

246 3566 376 3638 ,piuissei
405 3568 411 3630 Ι
438 3567 471 3618 33
484 3580 540 3618 nou
557 3564 585 3617 in
603 3564 743 3619 Acidaliae
768 3570 773 3631 Ι
797 3565 913 3620 officinis
931 3566 1167 3620 menrasense
1181 3564 1235 3620 ote.

249 3669 291 3705 ar.
308 3653 340 3703 12
355 3655 362 3719 Ι
375 3649 560 3705 thsdemias
571 3652 700 3718 Aaou}
715 3653 749 3703 25
760 3668 777 3706 s
788 3654 848 3706 adr.
864 3652 1059 3716 dRheoanas!
1081 3650 1197 3723 aperiri·
1209 3654 1238 3707 B

256 3738 354 3807 (fluisse
364 3737 470 3791 uidetur
480 3735 595 3805 aperire)
612 3739 617 3802 Ι
632 3740 666 3790 37
684 3737 759 3806 quod
778 3739 902 3793 ΑΜΕ·
920 3755 989 3807 quos
1002 3741 1033 3793 D
1049 3738 1128 3808 quip
1142 3738 1147 3807 Ι
1162 3737 1238 3813 sudi

249 3822 345 3875 nerint
357 3826 384 3878 B
399 3827 404 3888 Ι
420 3825 452 3876 38
465 3822 533 3876 rue*
544 3825 573 3877 B
