3168 4758
706 489 1006 553 *52-

308 649 350 710 32
359 677 420 738 que
436 668 545 721 autem
560 656 595 721 in
610 655 729 740 quibus
741 626 824 721 haee
832 657 966 721 scientie
976 655 1159 740 requiritur·
1186 677 1246 720 nec
1259 656 1349 738 quis-

360 784 457 846 quam
475 761 669 847 respendeat
683 750 831 827 sufficere
846 775 882 831 ut
898 765 939 829 ed
955 768 1082 847 tempus
1098 761 1237 847 simplex
1251 763 1345 846 quid·
1386 780 1394 789 ·

360 871 435 935 dam
450 880 482 935 et
497 892 559 938 usu
572 869 669 961 feeile
684 871 865 937 doceamur.
891 872 1033 955 primurn
1049 881 1159 935 autern
1174 868 1267 937 aliter
1282 869 1344 933 uti·

360 999 433 1041 mur
459 977 596 1060 propriis
624 978 719 1041 aliter
747 979 975 1055 commodatis,
997 979 1160 1062 longeque
1190 977 1344 1041 interesse

242 1114 244 1118 ·
335 1129 336 1132 κ
361 1083 570 1151 manifestum
590 1095 639 1151 est
661 1085 824 1169 possident
839 1085 910 1168 quis
925 1106 1009 1168 quae
1024 1084 1146 1168 profert
1161 1106 1203 1146 un
1218 1095 1345 1146 mutue·
1361 1102 1380 1142 s

361 1208 423 1255 tur.
447 1191 566 1257 deiude
582 1191 653 1275 ipsu
667 1193 843 1259 multarunt
858 1193 977 1259 artium
992 1192 1127 1256 seientia
1142 1191 1240 1255 etiem
1255 1190 1344 1253 aliud

251 1378 254 1383 Ι
361 1308 496 1381 agentes
518 1312 576 1365 nos
593 1310 687 1364 ornet
708 1310 806 1382 atque
827 1298 885 1363 ubi
899 1299 1033 1365 minime
1049 1299 1159 1365 eredas
1175 1298 1295 1363 eminet
1312 1308 1345 1361 et

361 1405 499 1471 excellit.
533 1405 632 1489 idque
652 1428 719 1469 non
735 1407 855 1479 ..doetus
879 1406 1028 1469 modoet
1051 1406 1194 1488 prudens
1217 1403 1346 1471 auditor

361 1513 419 1577 sed
439 1512 538 1577 etiem
553 1513 693 1596 pupulus
708 1513 873 1598 intellegit
888 1535 925 1576 ac
940 1511 1051 1576 stetim
1067 1513 1111 1575 ite
1125 1512 1222 1576 leude
1237 1492 1345 1593 prose-

361 1618 482 1701 quitur,
506 1631 543 1682 ut
565 1620 710 1704 legitime
731 1620 904 1695 studuisse,
922 1631 960 1683 ut
981 1640 1038 1702 per
1058 1640 1172 1683 omnes
1195 1619 1346 1700 eloquen-
1364 1640 1395 1681 re

284 1776 287 1781 .
361 1726 425 1791 tiae
444 1747 597 1793 numeros
618 1727 693 1804 isse,
711 1737 748 1790 ut
768 1726 908 1809 denique
923 1717 1084 1791 oratorem
1100 1747 1169 1790 esse
1185 1725 1344 1795 linteatum

361 1855 458 1916 quem
479 1855 547 1899 nen
568 1855 662 1917 posse
687 1835 780 1898 aliter
803 1833 940 1908 existere
955 1854 1016 1896 nee
1032 1832 1176 1897 extitisse
1192 1852 1347 1913 umquam

363 1940 516 2007 confirmo
531 1939 596 2007 nisi
611 1961 696 2019 eum,
710 1940 766 2024 qui
781 1940 947 2023 tamqnam
961 1939 997 2003 in
1012 1939 1117 2005 aciem
1133 1938 1282 2003 omnibus
1300 1960 1347 2001 ar·

330 2038 332 2041 ⁸
363 2049 423 2110 ruis
445 2047 633 2123 instructus,
651 2046 697 2110 sie
720 2047 754 2109 iu
775 2047 881 2109 forum
901 2046 1051 2109 omnibus
1068 2046 1189 2108 artibus
1206 2055 1347 2108 annaeus

363 2153 486 2217 exierit.
527 2155 614 2237 quod
642 2155 722 2218 adeo
748 2152 932 2235 neglegitur
960 2153 1002 2217 ab
1026 2154 1140 2216 horum
1165 2164 1346 2234 temporum
1363 2169 1394 2211 rs

363 2260 501 2337 disertisj
519 2271 557 2323 ut
577 2260 612 2323 iu
635 2260 815 2323 actionibus
837 2282 949 2324 eorum
970 2259 1067 2322 huius
1091 2281 1218 2344 qusque
1241 2257 1344 2339 quoti·

363 2366 452 2430 (lieni
472 2368 628 2430 sermonis
649 2368 744 2431 foeda
764 2390 801 2430 ue
822 2368 976 2449 pudenda
997 2366 1078 2429 uitia
1100 2365 1347 2448 deprehendun-

364 2485 433 2551 tur,
456 2485 494 2537 ut
513 2474 665 2558 ignorent
686 2474 775 2558 leges
798 2495 859 2537 nec
879 2481 1013 2537 teneant
1032 2482 1163 2535 senatus
1185 2470 1346 2546 consulta,

364 2768 464 2820 raeque
484 2751 498 2803 b
517 2751 680 2804 Rhenanus:
698 2748 850 2821 plerunque
868 2751 948 2806 ΑΟΕ
969 2748 1100 2820 plerique
1119 2751 1178 2803 BD
1199 2752 1203 2815 Ι
1226 2752 1259 2800 42
1278 2748 1348 2800 haee

364 2854 473 2908 quoque
489 2837 568 2891 ODE
585 2841 590 2901 1
610 2837 747 2907 reperitur
759 2840 796 2903 B,
815 2838 861 2910 sed
875 2854 958 2907 supra
978 2835 1085 2889 uersum
1109 2834 1228 2904 quiritur
1246 2833 1349 2886 adduit

364 2924 408 2976 uel
425 2924 453 2976 Β
470 2922 541 2974 uelli

432 3011 448 3060 2
462 3007 585 3061 sufficere
595 3010 639 3062 E:
659 3007 796 3062 sufficeret
807 3010 918 3063 ABOD
939 3008 943 3079 Ι
966 3011 980 3060 3
995 3025 1046 3060 usu
1062 3005 1141 3060 facile
1153 3005 1262 3077 scripsi:
1283 3006 1348 3059 uni·

363 3094 448 3169 iorrne
465 3096 606 3149 ABCDE
621 3093 737 3148 informe
752 3114 773 3165 p
794 3093 798 3165 l
819 3097 921 3161 autem]
942 3095 1013 3149 enim
1025 3094 1174 3158 Rhenanus
1193 3097 1202 3158 1
1224 3092 1344 3162 tquisq3

366 3182 417 3237 ΟΕ
429 3180 434 3250 Ι
449 3180 511 3250 quis
526 3197 595 3251 quae
612 3181 716 3251 profert
734 3179 811 3234 initio
823 3199 875 3253 seq.
890 3179 997 3234 schedae
1013 3179 1108 3250 repetit
1119 3180 1149 3234 D
1164 3183 1169 3244 Ι
1184 3181 1200 3231 9
1213 3177 1347 3247 intelligit

364 3268 503 3321 ABODE
522 3267 526 3336 Ι
548 3267 595 3332 ita]
609 3265 634 3319 iri
647 3269 675 3321 Β
695 3271 701 3333 Ι
724 3270 754 3319 10
767 3273 798 3319 ut
811 3284 842 3320 es
866 3273 913 3320 aut
925 3282 993 3320 corr.
1009 3268 1073 3322 etB
1085 3267 1137 3319 ert
1152 3264 1200 3332 (ed.
1215 3262 1303 3317 Baeti.
1318 3283 1346 3316 a.

367 3355 459 3418 1519).·
473 3360 521 3405 aut
532 3352 660 3424 ΑΟΒΕΙ
675 3351 811 3422 legittime
822 3355 852 3407 D
874 3355 879 3421 Ι
903 3355 931 3405 11
946 3351 1000 3405 isse
1015 3352 1052 3405 0:
1066 3351 1120 3419 isse
1135 3357 1162 3404 et
1174 3353 1261 3405 ABD
1278 3350 1346 3403 isset

362 3441 394 3495 Ε
406 3440 411 3508 Ι
429 3440 459 3491 12
472 3440 561 3508 neque
576 3438 626 3493 ΟΕ
639 3441 643 3507 Ι
658 3456 780 3508 unquam
791 3438 930 3493 ΑΒΟΒΕ
943 3437 947 3508 Ι
971 3441 1002 3489 15
1015 3437 1168 3507 negligitur
1179 3437 1320 3495 ABCDE
1339 3434 1346 3502 l

368 3527 398 3576 16
410 3524 494 3577 huius
512 3523 658 3577 Halmius:
678 3523 722 3577 uis
734 3523 779 3578 Ab
796 3523 839 3576 ius
852 3525 963 3579 BODE
979 3523 1066 3592 uixp.
1087 3512 1251 3593 an'ipsius?
1271 3525 1276 3586 Ι
1298 3520 1343 3572 ius

366 3610 488 3680 quoque]
520 3626 716 3679 usquequaque
746 3609 971 3679 Rementem
994 3626 1086 3678 progr.
1107 3607 1208 3661 Drerd.
1229 3624 1254 3659 a.
1278 3608 1347 3658 1844

361 3716 390 3767 p.
407 3699 439 3751 46
455 3701 460 3760 ι
476 3695 608 3749 cotidiani
623 3697 672 3751 OE
691 3700 696 3760 Ι
719 3698 748 3747 11
762 3695 825 3751 feda
836 3698 884 3759 ΑΙ
909 3693 1146 3764 reprehendantur
1159 3695 1189 3747 D
1209 3691 1217 3756 Ἰ
1244 3693 1274 3743 18
1287 3694 1346 3756 nee]

367 3798 421 3835 nou
436 3781 534 3850 ΟΒΕΙ
551 3780 591 3835 .8.,
604 3781 656 3836 cre
672 3786 697 3834 A
719 3779 757 3834 ·S·
773 3780 843 3834 Cous
856 3782 884 3834 Β
902 3779 940 3835 ,8,
956 3778 1089 3833 Cousultn
1108 3779 1159 3834 01>
