3168 4758
498 513 837 607 „mor-

202 693 360 767 quantum
382 684 527 747 ardorem
549 682 702 767 ingeniis,
727 704 808 764 quas
823 682 1003 747 oratoribus
1025 683 1112 747 iaces
1128 684 1181 745 ad·

201 791 392 854 mouebant!
411 812 478 854 non
495 790 534 853 de
548 791 651 854 otiosa
661 800 692 852 et
708 790 817 874 quieta
831 811 866 852 re
880 789 1040 872 loquimur
1052 800 1085 853 et
1095 809 1182 872 quae

203 898 364 981 probitate
386 908 418 960 et
439 897 598 960 modestia
617 897 771 980 gaudeat,
793 897 851 959 sed
872 907 921 960 est
941 917 1061 981 magna
1079 896 1137 960 illa
1149 909 1184 959 et

160 1031 188 1073 ro
203 1004 355 1068 notabilis
385 1004 570 1086 eloquentia
598 1004 731 1067 alumna
759 1003 927 1080 licentiae,
966 1026 1063 1086 quam
1091 1003 1183 1068 stulti

204 1111 386 1174 libertatern
407 1112 580 1188 uocabant,
604 1114 715 1174 conice
730 1110 939 1187 seditionum,
961 1111 1105 1174 effrenati
1128 1132 1183 1194 po-

203 1218 273 1301 puli
295 1211 558 1294 incitamentum,
584 1218 655 1281 sine
686 1217 857 1300 obsequio,
885 1217 957 1280 sine
984 1218 1181 1297 †seruitute‚

202 1319 379 1413 'contumax
393 1324 562 1388 temeraria
575 1346 737 1409 arrogans,
755 1345 837 1407 quae
851 1324 987 1423 inbono
1002 1324 1185 1388 constitutis

203 1432 390 1496 ciuitatibus
403 1453 472 1497 non
487 1422 598 1494 oritur.
635 1452 730 1513 quem
744 1432 832 1494 enim
849 1441 1009 1494 oratorem
1025 1431 1183 1495 Lacedae-

161 1571 188 1613 15
204 1539 366 1615 monium,
392 1560 487 1621 quem
511 1539 700 1601 Cretensem
726 1537 922 1621 accipimus?
952 1558 1086 1620 quanam
1108 1537 1185 1600 ciui·

116 1662 123 1675 ’
206 1656 308 1708 tatum
323 1642 526 1710 seuerissima
541 1644 715 1728 disciplina
729 1655 762 1706 et
782 1644 1005 1708 seuerissimae
1019 1645 1108 1728 leges
1124 1656 1186 1707 tra·

205 1753 338 1815 duntur.
384 1773 427 1815 ne
457 1752 674 1816 Macedonum
703 1752 835 1833 quidem
865 1772 902 1814 ac
931 1753 1101 1815 Persarum
1131 1760 1187 1814 ant

204 1858 303 1924 ullius
323 1859 429 1942 gentis
453 1879 536 1941 quae
559 1869 646 1921 certo
665 1857 802 1941 imperio
823 1868 976 1922 contenta
1001 1857 1099 1919 firerit
1121 1857 1187 1920 eio-

206 1966 374 2047 quentiam
398 1966 564 2029 nouimus.
611 1965 736 2029 Rhodii
756 1964 900 2046 quidam,
929 1963 1059 2047 plurimi
1086 1963 1187 2027 Athe·

163 2108 191 2151 20
206 2074 335 2136 nienses
350 2084 490 2136 oratores
505 2073 695 2146 extiterunt,
713 2071 800 2154 apud
815 2090 896 2154 quos
909 2072 1020 2134 omnia
1034 2071 1185 2154 populus,
1256 2115 1261 2123 -

206 2182 316 2243 omnia
331 2179 485 2263 imperiti,
509 2179 619 2242 omnia
631 2190 671 2241 nt
686 2178 734 2241 sic
746 2178 884 2242 dixerim
899 2198 1011 2242 omnes
1024 2174 1185 2262 poterant.

206 2297 317 2351 nostra
339 2307 467 2369 quoque
490 2285 618 2361 cirritos,
642 2286 745 2348 donec
765 2284 894 2361 errauit,
916 2285 1018 2351 donec
1035 2304 1069 2348 se
1090 2284 1189 2367 parti·

207 2395 268 2456 bus
298 2404 330 2456 et
359 2392 617 2457 dissensionibus
646 2402 679 2455 et
709 2391 877 2455 discordiis
901 2391 1057 2465 confecit,
1086 2392 1188 2453 donec

207 2500 298 2563 nulla
323 2500 386 2563 fuit
409 2499 445 2562 in
470 2479 540 2562 foro
564 2520 648 2582 pax,
677 2497 768 2561 nulla
796 2498 831 2560 in
861 2508 977 2562 senatu
1003 2496 1186 2572 concordia,

165 2644 192 2686 2⁵
207 2607 299 2670 nulla
314 2607 348 2668 in
364 2605 493 2670 iudiciis
509 2606 700 2682 moderatio,
719 2604 810 2668 nulla
824 2604 1024 2688 superiorum
1040 2625 1188 2667 reueren-

208 2712 264 2789 tia,
289 2713 398 2777 nullus
421 2712 668 2797 magistratuum
689 2712 817 2788 modus,
843 2710 917 2775 tulit
931 2711 1001 2774 sine
1016 2711 1116 2777 dubio
1131 2733 1187 2773 ua·

209 2966 223 3014 t
237 2977 318 3031 quem
330 2963 361 3016 D
386 2965 392 3026 Ι
420 2964 435 3014 8
442 2966 506 3030 post
522 2959 709 3021 admonebant
724 2961 810 3013 multa
828 2959 991 3016 intercilium
1007 2959 1190 3031 mrpiccdatm

1090 3051 1108 3083 et

207 3092 396 3146 Heumaanus.
412 3109 467 3145 non
487 3092 559 3146 enim
572 3091 698 3145 Moretur
713 3094 718 3155 1
734 3092 826 3145 ocium
837 3093 924 3147 ABE
937 3090 941 3161 l
957 3091 1047 3145 otiosa
1057 3108 1086 3145 re
1099 3091 1190 3161 quieta

207 3177 349 3248 loquimur
360 3180 390 3233 D
405 3181 409 3246 Ι
427 3181 455 3230 11
471 3185 572 3232 uocant
584 3178 764 3230 Heumaanur
778 3184 783 3241 Ι
797 3178 885 3231 fomes
896 3177 1033 3232 Acidaliae
1048 3177 1052 3247 Ι
1070 3179 1101 3230 ll
1114 3193 1190 3230 seue-

206 3264 288 3317 ritate
308 3264 333 3316 P
348 3264 465 3318 ueritate
483 3264 620 3319 &moerus
636 3280 728 3333 propr.
752 3262 895 3317 Cruceaoc.
914 3265 1190 3333 o.1863p.26ean·

207 3354 302 3403 etitate
314 3349 500 3403 Boettt'cltertts
512 3348 624 3403 lenitate
631 3349 759 3417 Hosman
766 3349 924 3419 Peerlkamp
935 3348 964 3402 t'n
975 3348 1038 3402 ortt.
1052 3351 1111 3403 crit.
1121 3366 1191 3403 noua

213 3437 274 3506 Vp.
295 3438 340 3488 136
356 3434 361 3507 Ι
379 3437 409 3488 13
422 3434 583 3488 temerarius
604 3436 651 3506 ΕΙ
669 3438 700 3489 14
720 3436 983 3493 Lacedemoniorum
1002 3434 1053 3503 Dl
1071 3438 1100 3487 15
1115 3451 1188 3489 acce·

207 3521 298 3591 pimus
307 3523 358 3576 OD
373 3522 377 3590 1
395 3520 617 3574 ldsanctissimae
628 3520 828 3590 legesdchelius
843 3526 848 3588 Ι
866 3524 896 3574 11
907 3523 1022 3576 neAD:
1034 3519 1189 3587 necBOEl
1284 3570 1285 3573 ,

208 3624 384 3676 personarum
396 3607 446 3675 Dl
467 3611 495 3659 18
514 3606 589 3661 illius
613 3608 695 3663 BOD
716 3606 722 3677 1
745 3611 774 3659 19
793 3605 864 3661 rodii
876 3609 906 3662 D
927 3608 932 3672 Ι
953 3606 1118 3660 Athenieses
1142 3606 1191 3674 Di

208 3712 330 3780 oratoies
343 3713 528 3781 Atbe'nienses
540 3729 569 3783 B
584 3730 589 3792 Ι
605 3730 637 3780 22
650 3727 739 3781 orauit
750 3729 781 3782 D
795 3726 800 3797 Ι
816 3728 848 3779 23
861 3725 1081 3780 dimensionibus
1092 3731 1120 3780 A
1137 3726 1192 3780 dia-

208 3813 379 3866 sentionibus
392 3816 422 3867 D
437 3813 441 3883 Ι
458 3818 489 3866 15
503 3812 619 3867 indutiis
631 3815 662 3868 D
745 3813 753 3826 ⁸

988 3915 1143 3968 5*-
